%YAML 1.1
%TAG !u! tag:unity3d.com,2011:
--- !u!1001 &100100000
Prefab:
  m_ObjectHideFlags: 1
  serializedVersion: 2
  m_Modification:
    m_TransformParent: {fileID: 0}
    m_Modifications: []
    m_RemovedComponents: []
  m_SourcePrefab: {fileID: 0}
  m_RootGameObject: {fileID: 1317901323543832}
  m_IsPrefabAsset: 1
--- !u!1 &1019864218111782
GameObject:
  m_ObjectHideFlags: 1
  m_CorrespondingSourceObject: {fileID: 0}
  m_PrefabInternal: {fileID: 100100000}
  serializedVersion: 6
  m_Component:
  - component: {fileID: 4769551029154992}
  m_Layer: 0
  m_Name: mixamorig:RightHandPinky1
  m_TagString: Untagged
  m_Icon: {fileID: 0}
  m_NavMeshLayer: 0
  m_StaticEditorFlags: 0
  m_IsActive: 1
--- !u!1 &1027056211549032
GameObject:
  m_ObjectHideFlags: 1
  m_CorrespondingSourceObject: {fileID: 0}
  m_PrefabInternal: {fileID: 100100000}
  serializedVersion: 6
  m_Component:
  - component: {fileID: 4872047508413664}
  m_Layer: 0
  m_Name: mixamorig:Spine2
  m_TagString: Untagged
  m_Icon: {fileID: 0}
  m_NavMeshLayer: 0
  m_StaticEditorFlags: 0
  m_IsActive: 1
--- !u!1 &1046682555679588
GameObject:
  m_ObjectHideFlags: 0
  m_CorrespondingSourceObject: {fileID: 0}
  m_PrefabInternal: {fileID: 100100000}
  serializedVersion: 6
  m_Component:
  - component: {fileID: 4766826801590490}
  m_Layer: 0
  m_Name: mixamorig:Hips
  m_TagString: Untagged
  m_Icon: {fileID: 0}
  m_NavMeshLayer: 0
  m_StaticEditorFlags: 0
  m_IsActive: 1
--- !u!1 &1055278285925382
GameObject:
  m_ObjectHideFlags: 1
  m_CorrespondingSourceObject: {fileID: 0}
  m_PrefabInternal: {fileID: 100100000}
  serializedVersion: 6
  m_Component:
  - component: {fileID: 4706954140910914}
  m_Layer: 0
  m_Name: mixamorig:RightForeArm
  m_TagString: Untagged
  m_Icon: {fileID: 0}
  m_NavMeshLayer: 0
  m_StaticEditorFlags: 0
  m_IsActive: 1
--- !u!1 &1064071788634558
GameObject:
  m_ObjectHideFlags: 1
  m_CorrespondingSourceObject: {fileID: 0}
  m_PrefabInternal: {fileID: 100100000}
  serializedVersion: 6
  m_Component:
  - component: {fileID: 4799925133114060}
  m_Layer: 0
  m_Name: mixamorig:LeftHandThumb1
  m_TagString: Untagged
  m_Icon: {fileID: 0}
  m_NavMeshLayer: 0
  m_StaticEditorFlags: 0
  m_IsActive: 1
--- !u!1 &1085521097363520
GameObject:
  m_ObjectHideFlags: 1
  m_CorrespondingSourceObject: {fileID: 0}
  m_PrefabInternal: {fileID: 100100000}
  serializedVersion: 6
  m_Component:
  - component: {fileID: 4336612848905364}
  m_Layer: 0
  m_Name: mixamorig:RightHandRing3
  m_TagString: Untagged
  m_Icon: {fileID: 0}
  m_NavMeshLayer: 0
  m_StaticEditorFlags: 0
  m_IsActive: 1
--- !u!1 &1091130723299380
GameObject:
  m_ObjectHideFlags: 0
  m_CorrespondingSourceObject: {fileID: 0}
  m_PrefabInternal: {fileID: 100100000}
  serializedVersion: 6
  m_Component:
  - component: {fileID: 4613637361348512}
  - component: {fileID: 137963878548359672}
  m_Layer: 0
  m_Name: vanguard_Mesh
  m_TagString: Untagged
  m_Icon: {fileID: 0}
  m_NavMeshLayer: 0
  m_StaticEditorFlags: 0
  m_IsActive: 1
--- !u!1 &1091742398089666
GameObject:
  m_ObjectHideFlags: 1
  m_CorrespondingSourceObject: {fileID: 0}
  m_PrefabInternal: {fileID: 100100000}
  serializedVersion: 6
  m_Component:
  - component: {fileID: 4122673831598796}
  m_Layer: 0
  m_Name: mixamorig:HeadTop_End
  m_TagString: Untagged
  m_Icon: {fileID: 0}
  m_NavMeshLayer: 0
  m_StaticEditorFlags: 0
  m_IsActive: 1
--- !u!1 &1099434524493172
GameObject:
  m_ObjectHideFlags: 1
  m_CorrespondingSourceObject: {fileID: 0}
  m_PrefabInternal: {fileID: 100100000}
  serializedVersion: 6
  m_Component:
  - component: {fileID: 4833929316087028}
  m_Layer: 0
  m_Name: mixamorig:LeftShoulder
  m_TagString: Untagged
  m_Icon: {fileID: 0}
  m_NavMeshLayer: 0
  m_StaticEditorFlags: 0
  m_IsActive: 1
--- !u!1 &1113300576957456
GameObject:
  m_ObjectHideFlags: 0
  m_CorrespondingSourceObject: {fileID: 0}
  m_PrefabInternal: {fileID: 100100000}
  serializedVersion: 6
  m_Component:
  - component: {fileID: 4776729613281678}
  - component: {fileID: 137183575724521656}
  m_Layer: 0
  m_Name: vanguard_visor
  m_TagString: Untagged
  m_Icon: {fileID: 0}
  m_NavMeshLayer: 0
  m_StaticEditorFlags: 0
  m_IsActive: 1
--- !u!1 &1115801091293534
GameObject:
  m_ObjectHideFlags: 1
  m_CorrespondingSourceObject: {fileID: 0}
  m_PrefabInternal: {fileID: 100100000}
  serializedVersion: 6
  m_Component:
  - component: {fileID: 4941584439850216}
  m_Layer: 0
  m_Name: mixamorig:RightHandPinky3
  m_TagString: Untagged
  m_Icon: {fileID: 0}
  m_NavMeshLayer: 0
  m_StaticEditorFlags: 0
  m_IsActive: 1
--- !u!1 &1127809538197228
GameObject:
  m_ObjectHideFlags: 1
  m_CorrespondingSourceObject: {fileID: 0}
  m_PrefabInternal: {fileID: 100100000}
  serializedVersion: 6
  m_Component:
  - component: {fileID: 4108872171928842}
  m_Layer: 0
  m_Name: mixamorig:RightLeg
  m_TagString: Untagged
  m_Icon: {fileID: 0}
  m_NavMeshLayer: 0
  m_StaticEditorFlags: 0
  m_IsActive: 1
--- !u!1 &1131347380740808
GameObject:
  m_ObjectHideFlags: 1
  m_CorrespondingSourceObject: {fileID: 0}
  m_PrefabInternal: {fileID: 100100000}
  serializedVersion: 6
  m_Component:
  - component: {fileID: 4565971992097952}
  m_Layer: 0
  m_Name: mixamorig:LeftHandMiddle4
  m_TagString: Untagged
  m_Icon: {fileID: 0}
  m_NavMeshLayer: 0
  m_StaticEditorFlags: 0
  m_IsActive: 1
--- !u!1 &1145486295380378
GameObject:
  m_ObjectHideFlags: 1
  m_CorrespondingSourceObject: {fileID: 0}
  m_PrefabInternal: {fileID: 100100000}
  serializedVersion: 6
  m_Component:
  - component: {fileID: 4887312498255672}
  m_Layer: 0
  m_Name: mixamorig:Neck
  m_TagString: Untagged
  m_Icon: {fileID: 0}
  m_NavMeshLayer: 0
  m_StaticEditorFlags: 0
  m_IsActive: 1
--- !u!1 &1148295801075488
GameObject:
  m_ObjectHideFlags: 1
  m_CorrespondingSourceObject: {fileID: 0}
  m_PrefabInternal: {fileID: 100100000}
  serializedVersion: 6
  m_Component:
  - component: {fileID: 4993458967884418}
  m_Layer: 0
  m_Name: mixamorig:RightHandMiddle1
  m_TagString: Untagged
  m_Icon: {fileID: 0}
  m_NavMeshLayer: 0
  m_StaticEditorFlags: 0
  m_IsActive: 1
--- !u!1 &1179931773087176
GameObject:
  m_ObjectHideFlags: 1
  m_CorrespondingSourceObject: {fileID: 0}
  m_PrefabInternal: {fileID: 100100000}
  serializedVersion: 6
  m_Component:
  - component: {fileID: 4084553855544652}
  m_Layer: 0
  m_Name: mixamorig:LeftHandRing2
  m_TagString: Untagged
  m_Icon: {fileID: 0}
  m_NavMeshLayer: 0
  m_StaticEditorFlags: 0
  m_IsActive: 1
--- !u!1 &1185727075132544
GameObject:
  m_ObjectHideFlags: 1
  m_CorrespondingSourceObject: {fileID: 0}
  m_PrefabInternal: {fileID: 100100000}
  serializedVersion: 6
  m_Component:
  - component: {fileID: 4398813755127916}
  m_Layer: 0
  m_Name: mixamorig:LeftHandThumb3
  m_TagString: Untagged
  m_Icon: {fileID: 0}
  m_NavMeshLayer: 0
  m_StaticEditorFlags: 0
  m_IsActive: 1
--- !u!1 &1206209119049174
GameObject:
  m_ObjectHideFlags: 1
  m_CorrespondingSourceObject: {fileID: 0}
  m_PrefabInternal: {fileID: 100100000}
  serializedVersion: 6
  m_Component:
  - component: {fileID: 4527866832172522}
  m_Layer: 0
  m_Name: mixamorig:LeftHandMiddle2
  m_TagString: Untagged
  m_Icon: {fileID: 0}
  m_NavMeshLayer: 0
  m_StaticEditorFlags: 0
  m_IsActive: 1
--- !u!1 &1206511793062560
GameObject:
  m_ObjectHideFlags: 1
  m_CorrespondingSourceObject: {fileID: 0}
  m_PrefabInternal: {fileID: 100100000}
  serializedVersion: 6
  m_Component:
  - component: {fileID: 4952008788882620}
  m_Layer: 0
  m_Name: mixamorig:LeftHand
  m_TagString: Untagged
  m_Icon: {fileID: 0}
  m_NavMeshLayer: 0
  m_StaticEditorFlags: 0
  m_IsActive: 1
--- !u!1 &1223514722869586
GameObject:
  m_ObjectHideFlags: 1
  m_CorrespondingSourceObject: {fileID: 0}
  m_PrefabInternal: {fileID: 100100000}
  serializedVersion: 6
  m_Component:
  - component: {fileID: 4002633589724556}
  m_Layer: 0
  m_Name: mixamorig:RightHandMiddle2
  m_TagString: Untagged
  m_Icon: {fileID: 0}
  m_NavMeshLayer: 0
  m_StaticEditorFlags: 0
  m_IsActive: 1
--- !u!1 &1237878865414024
GameObject:
  m_ObjectHideFlags: 1
  m_CorrespondingSourceObject: {fileID: 0}
  m_PrefabInternal: {fileID: 100100000}
  serializedVersion: 6
  m_Component:
  - component: {fileID: 4522391792147360}
  m_Layer: 0
  m_Name: mixamorig:RightHandThumb3
  m_TagString: Untagged
  m_Icon: {fileID: 0}
  m_NavMeshLayer: 0
  m_StaticEditorFlags: 0
  m_IsActive: 1
--- !u!1 &1272077164080362
GameObject:
  m_ObjectHideFlags: 1
  m_CorrespondingSourceObject: {fileID: 0}
  m_PrefabInternal: {fileID: 100100000}
  serializedVersion: 6
  m_Component:
  - component: {fileID: 4903793455435334}
  m_Layer: 0
  m_Name: mixamorig:LeftHandPinky1
  m_TagString: Untagged
  m_Icon: {fileID: 0}
  m_NavMeshLayer: 0
  m_StaticEditorFlags: 0
  m_IsActive: 1
--- !u!1 &1280481889127532
GameObject:
  m_ObjectHideFlags: 1
  m_CorrespondingSourceObject: {fileID: 0}
  m_PrefabInternal: {fileID: 100100000}
  serializedVersion: 6
  m_Component:
  - component: {fileID: 4616699513113946}
  m_Layer: 0
  m_Name: mixamorig:RightHandIndex4
  m_TagString: Untagged
  m_Icon: {fileID: 0}
  m_NavMeshLayer: 0
  m_StaticEditorFlags: 0
  m_IsActive: 1
--- !u!1 &1284787834365960
GameObject:
  m_ObjectHideFlags: 1
  m_CorrespondingSourceObject: {fileID: 0}
  m_PrefabInternal: {fileID: 100100000}
  serializedVersion: 6
  m_Component:
  - component: {fileID: 4263307523499880}
  m_Layer: 0
  m_Name: mixamorig:LeftHandRing3
  m_TagString: Untagged
  m_Icon: {fileID: 0}
  m_NavMeshLayer: 0
  m_StaticEditorFlags: 0
  m_IsActive: 1
--- !u!1 &1308438890683690
GameObject:
  m_ObjectHideFlags: 1
  m_CorrespondingSourceObject: {fileID: 0}
  m_PrefabInternal: {fileID: 100100000}
  serializedVersion: 6
  m_Component:
  - component: {fileID: 4331743695571982}
  m_Layer: 0
  m_Name: mixamorig:LeftHandPinky2
  m_TagString: Untagged
  m_Icon: {fileID: 0}
  m_NavMeshLayer: 0
  m_StaticEditorFlags: 0
  m_IsActive: 1
--- !u!1 &1317901323543832
GameObject:
  m_ObjectHideFlags: 0
  m_CorrespondingSourceObject: {fileID: 0}
  m_PrefabInternal: {fileID: 100100000}
  serializedVersion: 6
  m_Component:
  - component: {fileID: 4763177456716244}
  - component: {fileID: 95677888492399222}
  m_Layer: 0
  m_Name: Model
  m_TagString: Untagged
  m_Icon: {fileID: 0}
  m_NavMeshLayer: 0
  m_StaticEditorFlags: 0
  m_IsActive: 1
--- !u!1 &1329766143384156
GameObject:
  m_ObjectHideFlags: 1
  m_CorrespondingSourceObject: {fileID: 0}
  m_PrefabInternal: {fileID: 100100000}
  serializedVersion: 6
  m_Component:
  - component: {fileID: 4659754892028920}
  m_Layer: 0
  m_Name: mixamorig:RightToe_End
  m_TagString: Untagged
  m_Icon: {fileID: 0}
  m_NavMeshLayer: 0
  m_StaticEditorFlags: 0
  m_IsActive: 1
--- !u!1 &1350390260102022
GameObject:
  m_ObjectHideFlags: 1
  m_CorrespondingSourceObject: {fileID: 0}
  m_PrefabInternal: {fileID: 100100000}
  serializedVersion: 6
  m_Component:
  - component: {fileID: 4190584015352704}
  m_Layer: 0
  m_Name: mixamorig:RightHandMiddle3
  m_TagString: Untagged
  m_Icon: {fileID: 0}
  m_NavMeshLayer: 0
  m_StaticEditorFlags: 0
  m_IsActive: 1
--- !u!1 &1381488159909242
GameObject:
  m_ObjectHideFlags: 1
  m_CorrespondingSourceObject: {fileID: 0}
  m_PrefabInternal: {fileID: 100100000}
  serializedVersion: 6
  m_Component:
  - component: {fileID: 4526325785945088}
  m_Layer: 0
  m_Name: mixamorig:LeftHandPinky4
  m_TagString: Untagged
  m_Icon: {fileID: 0}
  m_NavMeshLayer: 0
  m_StaticEditorFlags: 0
  m_IsActive: 1
--- !u!1 &1386152745540370
GameObject:
  m_ObjectHideFlags: 1
  m_CorrespondingSourceObject: {fileID: 0}
  m_PrefabInternal: {fileID: 100100000}
  serializedVersion: 6
  m_Component:
  - component: {fileID: 4291945570328168}
  m_Layer: 0
  m_Name: mixamorig:Spine1
  m_TagString: Untagged
  m_Icon: {fileID: 0}
  m_NavMeshLayer: 0
  m_StaticEditorFlags: 0
  m_IsActive: 1
--- !u!1 &1397798808409310
GameObject:
  m_ObjectHideFlags: 1
  m_CorrespondingSourceObject: {fileID: 0}
  m_PrefabInternal: {fileID: 100100000}
  serializedVersion: 6
  m_Component:
  - component: {fileID: 4424287033412404}
  m_Layer: 0
  m_Name: mixamorig:RightShoulder
  m_TagString: Untagged
  m_Icon: {fileID: 0}
  m_NavMeshLayer: 0
  m_StaticEditorFlags: 0
  m_IsActive: 1
--- !u!1 &1408684676989744
GameObject:
  m_ObjectHideFlags: 1
  m_CorrespondingSourceObject: {fileID: 0}
  m_PrefabInternal: {fileID: 100100000}
  serializedVersion: 6
  m_Component:
  - component: {fileID: 4522214491059624}
  m_Layer: 0
  m_Name: mixamorig:LeftHandThumb4
  m_TagString: Untagged
  m_Icon: {fileID: 0}
  m_NavMeshLayer: 0
  m_StaticEditorFlags: 0
  m_IsActive: 1
--- !u!1 &1408717051660472
GameObject:
  m_ObjectHideFlags: 1
  m_CorrespondingSourceObject: {fileID: 0}
  m_PrefabInternal: {fileID: 100100000}
  serializedVersion: 6
  m_Component:
  - component: {fileID: 4184916910831326}
  m_Layer: 0
  m_Name: mixamorig:RightHandRing4
  m_TagString: Untagged
  m_Icon: {fileID: 0}
  m_NavMeshLayer: 0
  m_StaticEditorFlags: 0
  m_IsActive: 1
--- !u!1 &1423965107113842
GameObject:
  m_ObjectHideFlags: 1
  m_CorrespondingSourceObject: {fileID: 0}
  m_PrefabInternal: {fileID: 100100000}
  serializedVersion: 6
  m_Component:
  - component: {fileID: 4956325745666034}
  m_Layer: 0
  m_Name: mixamorig:Spine
  m_TagString: Untagged
  m_Icon: {fileID: 0}
  m_NavMeshLayer: 0
  m_StaticEditorFlags: 0
  m_IsActive: 1
--- !u!1 &1536789900406480
GameObject:
  m_ObjectHideFlags: 1
  m_CorrespondingSourceObject: {fileID: 0}
  m_PrefabInternal: {fileID: 100100000}
  serializedVersion: 6
  m_Component:
  - component: {fileID: 4868750113579796}
  m_Layer: 0
  m_Name: mixamorig:RightArm
  m_TagString: Untagged
  m_Icon: {fileID: 0}
  m_NavMeshLayer: 0
  m_StaticEditorFlags: 0
  m_IsActive: 1
--- !u!1 &1564172961420298
GameObject:
  m_ObjectHideFlags: 1
  m_CorrespondingSourceObject: {fileID: 0}
  m_PrefabInternal: {fileID: 100100000}
  serializedVersion: 6
  m_Component:
  - component: {fileID: 4986639648265812}
  m_Layer: 0
  m_Name: mixamorig:RightHandMiddle4
  m_TagString: Untagged
  m_Icon: {fileID: 0}
  m_NavMeshLayer: 0
  m_StaticEditorFlags: 0
  m_IsActive: 1
--- !u!1 &1587454688823390
GameObject:
  m_ObjectHideFlags: 1
  m_CorrespondingSourceObject: {fileID: 0}
  m_PrefabInternal: {fileID: 100100000}
  serializedVersion: 6
  m_Component:
  - component: {fileID: 4648014610390922}
  m_Layer: 0
  m_Name: mixamorig:LeftHandRing4
  m_TagString: Untagged
  m_Icon: {fileID: 0}
  m_NavMeshLayer: 0
  m_StaticEditorFlags: 0
  m_IsActive: 1
--- !u!1 &1591948939198010
GameObject:
  m_ObjectHideFlags: 1
  m_CorrespondingSourceObject: {fileID: 0}
  m_PrefabInternal: {fileID: 100100000}
  serializedVersion: 6
  m_Component:
  - component: {fileID: 4857244036957826}
  m_Layer: 0
  m_Name: mixamorig:LeftHandRing1
  m_TagString: Untagged
  m_Icon: {fileID: 0}
  m_NavMeshLayer: 0
  m_StaticEditorFlags: 0
  m_IsActive: 1
--- !u!1 &1597398505391106
GameObject:
  m_ObjectHideFlags: 1
  m_CorrespondingSourceObject: {fileID: 0}
  m_PrefabInternal: {fileID: 100100000}
  serializedVersion: 6
  m_Component:
  - component: {fileID: 4476811257753096}
  m_Layer: 0
  m_Name: mixamorig:RightHandIndex3
  m_TagString: Untagged
  m_Icon: {fileID: 0}
  m_NavMeshLayer: 0
  m_StaticEditorFlags: 0
  m_IsActive: 1
--- !u!1 &1622132623834524
GameObject:
  m_ObjectHideFlags: 1
  m_CorrespondingSourceObject: {fileID: 0}
  m_PrefabInternal: {fileID: 100100000}
  serializedVersion: 6
  m_Component:
  - component: {fileID: 4294356049857288}
  m_Layer: 0
  m_Name: mixamorig:LeftHandPinky3
  m_TagString: Untagged
  m_Icon: {fileID: 0}
  m_NavMeshLayer: 0
  m_StaticEditorFlags: 0
  m_IsActive: 1
--- !u!1 &1628182517562486
GameObject:
  m_ObjectHideFlags: 1
  m_CorrespondingSourceObject: {fileID: 0}
  m_PrefabInternal: {fileID: 100100000}
  serializedVersion: 6
  m_Component:
  - component: {fileID: 4921582525885794}
  m_Layer: 0
  m_Name: mixamorig:RightHandPinky4
  m_TagString: Untagged
  m_Icon: {fileID: 0}
  m_NavMeshLayer: 0
  m_StaticEditorFlags: 0
  m_IsActive: 1
--- !u!1 &1637314667840480
GameObject:
  m_ObjectHideFlags: 1
  m_CorrespondingSourceObject: {fileID: 0}
  m_PrefabInternal: {fileID: 100100000}
  serializedVersion: 6
  m_Component:
  - component: {fileID: 4796402379576846}
  m_Layer: 0
  m_Name: mixamorig:LeftHandIndex1
  m_TagString: Untagged
  m_Icon: {fileID: 0}
  m_NavMeshLayer: 0
  m_StaticEditorFlags: 0
  m_IsActive: 1
--- !u!1 &1640050286123492
GameObject:
  m_ObjectHideFlags: 1
  m_CorrespondingSourceObject: {fileID: 0}
  m_PrefabInternal: {fileID: 100100000}
  serializedVersion: 6
  m_Component:
  - component: {fileID: 4497061634890608}
  m_Layer: 0
  m_Name: mixamorig:LeftHandIndex4
  m_TagString: Untagged
  m_Icon: {fileID: 0}
  m_NavMeshLayer: 0
  m_StaticEditorFlags: 0
  m_IsActive: 1
--- !u!1 &1648994273408572
GameObject:
  m_ObjectHideFlags: 1
  m_CorrespondingSourceObject: {fileID: 0}
  m_PrefabInternal: {fileID: 100100000}
  serializedVersion: 6
  m_Component:
  - component: {fileID: 4988442137860372}
  m_Layer: 0
  m_Name: mixamorig:LeftArm
  m_TagString: Untagged
  m_Icon: {fileID: 0}
  m_NavMeshLayer: 0
  m_StaticEditorFlags: 0
  m_IsActive: 1
--- !u!1 &1662759542160084
GameObject:
  m_ObjectHideFlags: 1
  m_CorrespondingSourceObject: {fileID: 0}
  m_PrefabInternal: {fileID: 100100000}
  serializedVersion: 6
  m_Component:
  - component: {fileID: 4256688343904618}
  m_Layer: 0
  m_Name: mixamorig:LeftFoot
  m_TagString: Untagged
  m_Icon: {fileID: 0}
  m_NavMeshLayer: 0
  m_StaticEditorFlags: 0
  m_IsActive: 1
--- !u!1 &1669547020334754
GameObject:
  m_ObjectHideFlags: 1
  m_CorrespondingSourceObject: {fileID: 0}
  m_PrefabInternal: {fileID: 100100000}
  serializedVersion: 6
  m_Component:
  - component: {fileID: 4807406655256398}
  m_Layer: 0
  m_Name: mixamorig:LeftHandThumb2
  m_TagString: Untagged
  m_Icon: {fileID: 0}
  m_NavMeshLayer: 0
  m_StaticEditorFlags: 0
  m_IsActive: 1
--- !u!1 &1721119040134754
GameObject:
  m_ObjectHideFlags: 1
  m_CorrespondingSourceObject: {fileID: 0}
  m_PrefabInternal: {fileID: 100100000}
  serializedVersion: 6
  m_Component:
  - component: {fileID: 4628344113875954}
  m_Layer: 0
  m_Name: mixamorig:RightUpLeg
  m_TagString: Untagged
  m_Icon: {fileID: 0}
  m_NavMeshLayer: 0
  m_StaticEditorFlags: 0
  m_IsActive: 1
--- !u!1 &1741628849937276
GameObject:
  m_ObjectHideFlags: 1
  m_CorrespondingSourceObject: {fileID: 0}
  m_PrefabInternal: {fileID: 100100000}
  serializedVersion: 6
  m_Component:
  - component: {fileID: 4547460994969744}
  m_Layer: 0
  m_Name: mixamorig:RightHandIndex1
  m_TagString: Untagged
  m_Icon: {fileID: 0}
  m_NavMeshLayer: 0
  m_StaticEditorFlags: 0
  m_IsActive: 1
--- !u!1 &1742338840244796
GameObject:
  m_ObjectHideFlags: 1
  m_CorrespondingSourceObject: {fileID: 0}
  m_PrefabInternal: {fileID: 100100000}
  serializedVersion: 6
  m_Component:
  - component: {fileID: 4656722525556516}
  m_Layer: 0
  m_Name: mixamorig:LeftHandMiddle3
  m_TagString: Untagged
  m_Icon: {fileID: 0}
  m_NavMeshLayer: 0
  m_StaticEditorFlags: 0
  m_IsActive: 1
--- !u!1 &1771813542408468
GameObject:
  m_ObjectHideFlags: 1
  m_CorrespondingSourceObject: {fileID: 0}
  m_PrefabInternal: {fileID: 100100000}
  serializedVersion: 6
  m_Component:
  - component: {fileID: 4787441161204360}
  m_Layer: 0
  m_Name: mixamorig:RightHandThumb1
  m_TagString: Untagged
  m_Icon: {fileID: 0}
  m_NavMeshLayer: 0
  m_StaticEditorFlags: 0
  m_IsActive: 1
--- !u!1 &1779873619380162
GameObject:
  m_ObjectHideFlags: 1
  m_CorrespondingSourceObject: {fileID: 0}
  m_PrefabInternal: {fileID: 100100000}
  serializedVersion: 6
  m_Component:
  - component: {fileID: 4536580012035218}
  m_Layer: 0
  m_Name: mixamorig:RightHandThumb4
  m_TagString: Untagged
  m_Icon: {fileID: 0}
  m_NavMeshLayer: 0
  m_StaticEditorFlags: 0
  m_IsActive: 1
--- !u!1 &1797256366710106
GameObject:
  m_ObjectHideFlags: 1
  m_CorrespondingSourceObject: {fileID: 0}
  m_PrefabInternal: {fileID: 100100000}
  serializedVersion: 6
  m_Component:
  - component: {fileID: 4577702594399496}
  m_Layer: 0
  m_Name: mixamorig:Head
  m_TagString: Untagged
  m_Icon: {fileID: 0}
  m_NavMeshLayer: 0
  m_StaticEditorFlags: 0
  m_IsActive: 1
--- !u!1 &1799040555142820
GameObject:
  m_ObjectHideFlags: 1
  m_CorrespondingSourceObject: {fileID: 0}
  m_PrefabInternal: {fileID: 100100000}
  serializedVersion: 6
  m_Component:
  - component: {fileID: 4355092651585338}
  m_Layer: 0
  m_Name: mixamorig:RightHandIndex2
  m_TagString: Untagged
  m_Icon: {fileID: 0}
  m_NavMeshLayer: 0
  m_StaticEditorFlags: 0
  m_IsActive: 1
--- !u!1 &1800219529413592
GameObject:
  m_ObjectHideFlags: 1
  m_CorrespondingSourceObject: {fileID: 0}
  m_PrefabInternal: {fileID: 100100000}
  serializedVersion: 6
  m_Component:
  - component: {fileID: 4249726016020052}
  m_Layer: 0
  m_Name: mixamorig:LeftToe_End
  m_TagString: Untagged
  m_Icon: {fileID: 0}
  m_NavMeshLayer: 0
  m_StaticEditorFlags: 0
  m_IsActive: 1
--- !u!1 &1806040368966898
GameObject:
  m_ObjectHideFlags: 1
  m_CorrespondingSourceObject: {fileID: 0}
  m_PrefabInternal: {fileID: 100100000}
  serializedVersion: 6
  m_Component:
  - component: {fileID: 4708277932787568}
  m_Layer: 0
  m_Name: mixamorig:RightFoot
  m_TagString: Untagged
  m_Icon: {fileID: 0}
  m_NavMeshLayer: 0
  m_StaticEditorFlags: 0
  m_IsActive: 1
--- !u!1 &1820343317855000
GameObject:
  m_ObjectHideFlags: 1
  m_CorrespondingSourceObject: {fileID: 0}
  m_PrefabInternal: {fileID: 100100000}
  serializedVersion: 6
  m_Component:
  - component: {fileID: 4559879419965350}
  m_Layer: 0
  m_Name: mixamorig:LeftHandIndex3
  m_TagString: Untagged
  m_Icon: {fileID: 0}
  m_NavMeshLayer: 0
  m_StaticEditorFlags: 0
  m_IsActive: 1
--- !u!1 &1822291944204198
GameObject:
  m_ObjectHideFlags: 1
  m_CorrespondingSourceObject: {fileID: 0}
  m_PrefabInternal: {fileID: 100100000}
  serializedVersion: 6
  m_Component:
  - component: {fileID: 4918082559663426}
  m_Layer: 0
  m_Name: mixamorig:LeftToeBase
  m_TagString: Untagged
  m_Icon: {fileID: 0}
  m_NavMeshLayer: 0
  m_StaticEditorFlags: 0
  m_IsActive: 1
--- !u!1 &1846248566603342
GameObject:
  m_ObjectHideFlags: 1
  m_CorrespondingSourceObject: {fileID: 0}
  m_PrefabInternal: {fileID: 100100000}
  serializedVersion: 6
  m_Component:
  - component: {fileID: 4955185464220036}
  m_Layer: 0
  m_Name: mixamorig:RightHandRing2
  m_TagString: Untagged
  m_Icon: {fileID: 0}
  m_NavMeshLayer: 0
  m_StaticEditorFlags: 0
  m_IsActive: 1
--- !u!1 &1872692414726868
GameObject:
  m_ObjectHideFlags: 1
  m_CorrespondingSourceObject: {fileID: 0}
  m_PrefabInternal: {fileID: 100100000}
  serializedVersion: 6
  m_Component:
  - component: {fileID: 4248498220926234}
  m_Layer: 0
  m_Name: mixamorig:RightHandPinky2
  m_TagString: Untagged
  m_Icon: {fileID: 0}
  m_NavMeshLayer: 0
  m_StaticEditorFlags: 0
  m_IsActive: 1
--- !u!1 &1883586087105300
GameObject:
  m_ObjectHideFlags: 1
  m_CorrespondingSourceObject: {fileID: 0}
  m_PrefabInternal: {fileID: 100100000}
  serializedVersion: 6
  m_Component:
  - component: {fileID: 4691536188215798}
  m_Layer: 0
  m_Name: mixamorig:LeftLeg
  m_TagString: Untagged
  m_Icon: {fileID: 0}
  m_NavMeshLayer: 0
  m_StaticEditorFlags: 0
  m_IsActive: 1
--- !u!1 &1886422271707818
GameObject:
  m_ObjectHideFlags: 1
  m_CorrespondingSourceObject: {fileID: 0}
  m_PrefabInternal: {fileID: 100100000}
  serializedVersion: 6
  m_Component:
  - component: {fileID: 4543517793979338}
  m_Layer: 0
  m_Name: mixamorig:LeftUpLeg
  m_TagString: Untagged
  m_Icon: {fileID: 0}
  m_NavMeshLayer: 0
  m_StaticEditorFlags: 0
  m_IsActive: 1
--- !u!1 &1904094306670172
GameObject:
  m_ObjectHideFlags: 1
  m_CorrespondingSourceObject: {fileID: 0}
  m_PrefabInternal: {fileID: 100100000}
  serializedVersion: 6
  m_Component:
  - component: {fileID: 4685558219281446}
  m_Layer: 0
  m_Name: mixamorig:LeftHandIndex2
  m_TagString: Untagged
  m_Icon: {fileID: 0}
  m_NavMeshLayer: 0
  m_StaticEditorFlags: 0
  m_IsActive: 1
--- !u!1 &1926619779487438
GameObject:
  m_ObjectHideFlags: 1
  m_CorrespondingSourceObject: {fileID: 0}
  m_PrefabInternal: {fileID: 100100000}
  serializedVersion: 6
  m_Component:
  - component: {fileID: 4807386105601626}
  m_Layer: 0
  m_Name: mixamorig:RightHandThumb2
  m_TagString: Untagged
  m_Icon: {fileID: 0}
  m_NavMeshLayer: 0
  m_StaticEditorFlags: 0
  m_IsActive: 1
--- !u!1 &1941816185881052
GameObject:
  m_ObjectHideFlags: 1
  m_CorrespondingSourceObject: {fileID: 0}
  m_PrefabInternal: {fileID: 100100000}
  serializedVersion: 6
  m_Component:
  - component: {fileID: 4412835098885438}
  m_Layer: 0
  m_Name: mixamorig:RightHandRing1
  m_TagString: Untagged
  m_Icon: {fileID: 0}
  m_NavMeshLayer: 0
  m_StaticEditorFlags: 0
  m_IsActive: 1
--- !u!1 &1948506767219272
GameObject:
  m_ObjectHideFlags: 1
  m_CorrespondingSourceObject: {fileID: 0}
  m_PrefabInternal: {fileID: 100100000}
  serializedVersion: 6
  m_Component:
  - component: {fileID: 4322042741554528}
  m_Layer: 0
  m_Name: mixamorig:RightHand
  m_TagString: Untagged
  m_Icon: {fileID: 0}
  m_NavMeshLayer: 0
  m_StaticEditorFlags: 0
  m_IsActive: 1
--- !u!1 &1949304017067646
GameObject:
  m_ObjectHideFlags: 1
  m_CorrespondingSourceObject: {fileID: 0}
  m_PrefabInternal: {fileID: 100100000}
  serializedVersion: 6
  m_Component:
  - component: {fileID: 4305073598409232}
  m_Layer: 0
  m_Name: mixamorig:RightToeBase
  m_TagString: Untagged
  m_Icon: {fileID: 0}
  m_NavMeshLayer: 0
  m_StaticEditorFlags: 0
  m_IsActive: 1
--- !u!1 &1971529484338622
GameObject:
  m_ObjectHideFlags: 1
  m_CorrespondingSourceObject: {fileID: 0}
  m_PrefabInternal: {fileID: 100100000}
  serializedVersion: 6
  m_Component:
  - component: {fileID: 4347214787823164}
  m_Layer: 0
  m_Name: mixamorig:LeftHandMiddle1
  m_TagString: Untagged
  m_Icon: {fileID: 0}
  m_NavMeshLayer: 0
  m_StaticEditorFlags: 0
  m_IsActive: 1
--- !u!1 &1975430541507166
GameObject:
  m_ObjectHideFlags: 1
  m_CorrespondingSourceObject: {fileID: 0}
  m_PrefabInternal: {fileID: 100100000}
  serializedVersion: 6
  m_Component:
  - component: {fileID: 4603984175290826}
  m_Layer: 0
  m_Name: mixamorig:LeftForeArm
  m_TagString: Untagged
  m_Icon: {fileID: 0}
  m_NavMeshLayer: 0
  m_StaticEditorFlags: 0
  m_IsActive: 1
--- !u!4 &4002633589724556
Transform:
  m_ObjectHideFlags: 1
  m_CorrespondingSourceObject: {fileID: 0}
  m_PrefabInternal: {fileID: 100100000}
  m_GameObject: {fileID: 1223514722869586}
  m_LocalRotation: {x: 0.000000054079734, y: 0.06197853, z: -0.7702575, w: 0.6347142}
  m_LocalPosition: {x: 0.0312674, y: 0.000000014832103, z: -0.00000003892094}
  m_LocalScale: {x: 1, y: 1, z: 1}
  m_Children:
  - {fileID: 4190584015352704}
  m_Father: {fileID: 4993458967884418}
  m_RootOrder: 0
  m_LocalEulerAnglesHint: {x: 0, y: 0, z: 0}
--- !u!4 &4084553855544652
Transform:
  m_ObjectHideFlags: 1
  m_CorrespondingSourceObject: {fileID: 0}
  m_PrefabInternal: {fileID: 100100000}
  m_GameObject: {fileID: 1179931773087176}
  m_LocalRotation: {x: 0.000000075085545, y: -0.042410057, z: 0.41782317, w: 0.907538}
  m_LocalPosition: {x: -0.02717634, y: -0.000000028361328, z: 0.0000001812776}
  m_LocalScale: {x: 1, y: 1, z: 1}
  m_Children:
  - {fileID: 4263307523499880}
  m_Father: {fileID: 4857244036957826}
  m_RootOrder: 0
  m_LocalEulerAnglesHint: {x: 0, y: 0, z: 0}
--- !u!4 &4108872171928842
Transform:
  m_ObjectHideFlags: 1
  m_CorrespondingSourceObject: {fileID: 0}
  m_PrefabInternal: {fileID: 100100000}
  m_GameObject: {fileID: 1127809538197228}
  m_LocalRotation: {x: 0.18020757, y: 0.07366115, z: 0.042558566, w: 0.9799429}
  m_LocalPosition: {x: 0.0010397466, y: -0.43304843, z: 0.020317044}
  m_LocalScale: {x: 1, y: 1, z: 1}
  m_Children:
  - {fileID: 4708277932787568}
  m_Father: {fileID: 4628344113875954}
  m_RootOrder: 0
  m_LocalEulerAnglesHint: {x: 0, y: 0, z: 0}
--- !u!4 &4122673831598796
Transform:
  m_ObjectHideFlags: 1
  m_CorrespondingSourceObject: {fileID: 0}
  m_PrefabInternal: {fileID: 100100000}
  m_GameObject: {fileID: 1091742398089666}
  m_LocalRotation: {x: 0, y: -0, z: -0, w: 1}
  m_LocalPosition: {x: -2.8097469e-11, y: 0.25653496, z: 0.024504632}
  m_LocalScale: {x: 1, y: 1, z: 1}
  m_Children: []
  m_Father: {fileID: 4577702594399496}
  m_RootOrder: 0
  m_LocalEulerAnglesHint: {x: 0, y: 0, z: 0}
--- !u!4 &4184916910831326
Transform:
  m_ObjectHideFlags: 1
  m_CorrespondingSourceObject: {fileID: 0}
  m_PrefabInternal: {fileID: 100100000}
  m_GameObject: {fileID: 1408717051660472}
  m_LocalRotation: {x: 0, y: -0, z: -0, w: 1}
  m_LocalPosition: {x: 0.030684462, y: -0.000000002633703, z: -0.00000005003139}
  m_LocalScale: {x: 1, y: 1, z: 1}
  m_Children: []
  m_Father: {fileID: 4336612848905364}
  m_RootOrder: 0
  m_LocalEulerAnglesHint: {x: 0, y: 0, z: 0}
--- !u!4 &4190584015352704
Transform:
  m_ObjectHideFlags: 1
  m_CorrespondingSourceObject: {fileID: 0}
  m_PrefabInternal: {fileID: 100100000}
  m_GameObject: {fileID: 1350390260102022}
  m_LocalRotation: {x: 0.0069517777, y: 0.063823506, z: -0.70860946, w: 0.7026741}
  m_LocalPosition: {x: 0.026724719, y: -0.0000000065760455, z: 0.00000014131358}
  m_LocalScale: {x: 1, y: 1, z: 1}
  m_Children:
  - {fileID: 4986639648265812}
  m_Father: {fileID: 4002633589724556}
  m_RootOrder: 0
  m_LocalEulerAnglesHint: {x: 0, y: 0, z: 0}
--- !u!4 &4248498220926234
Transform:
  m_ObjectHideFlags: 1
  m_CorrespondingSourceObject: {fileID: 0}
  m_PrefabInternal: {fileID: 100100000}
  m_GameObject: {fileID: 1872692414726868}
  m_LocalRotation: {x: -0.000000028976753, y: 0.038780678, z: -0.48196024, w: 0.87533444}
  m_LocalPosition: {x: 0.016795225, y: -0.00000007146702, z: 0.0000002748202}
  m_LocalScale: {x: 1, y: 1, z: 1}
  m_Children:
  - {fileID: 4941584439850216}
  m_Father: {fileID: 4769551029154992}
  m_RootOrder: 0
  m_LocalEulerAnglesHint: {x: 0, y: 0, z: 0}
--- !u!4 &4249726016020052
Transform:
  m_ObjectHideFlags: 1
  m_CorrespondingSourceObject: {fileID: 0}
  m_PrefabInternal: {fileID: 100100000}
  m_GameObject: {fileID: 1800219529413592}
  m_LocalRotation: {x: 0, y: -0, z: -0, w: 1}
  m_LocalPosition: {x: -0.012230505, y: 0.00044495912, z: 0.07973635}
  m_LocalScale: {x: 1, y: 1, z: 1}
  m_Children: []
  m_Father: {fileID: 4918082559663426}
  m_RootOrder: 0
  m_LocalEulerAnglesHint: {x: 0, y: 0, z: 0}
--- !u!4 &4256688343904618
Transform:
  m_ObjectHideFlags: 1
  m_CorrespondingSourceObject: {fileID: 0}
  m_PrefabInternal: {fileID: 100100000}
  m_GameObject: {fileID: 1662759542160084}
  m_LocalRotation: {x: 0.046725035, y: -0.0034214773, z: 0.051489476, w: 0.99757403}
  m_LocalPosition: {x: 0.001023138, y: -0.4429215, z: -0.04219776}
  m_LocalScale: {x: 1, y: 1, z: 1}
  m_Children:
  - {fileID: 4918082559663426}
  m_Father: {fileID: 4691536188215798}
  m_RootOrder: 0
  m_LocalEulerAnglesHint: {x: 0, y: 0, z: 0}
--- !u!4 &4263307523499880
Transform:
  m_ObjectHideFlags: 1
  m_CorrespondingSourceObject: {fileID: 0}
  m_PrefabInternal: {fileID: 100100000}
  m_GameObject: {fileID: 1284787834365960}
  m_LocalRotation: {x: 0.000000007529081, y: -0.03671503, z: 0.36171564, w: 0.9315653}
  m_LocalPosition: {x: -0.021344598, y: 0.00000015024234, z: -0.0000004200813}
  m_LocalScale: {x: 1, y: 1, z: 1}
  m_Children:
  - {fileID: 4648014610390922}
  m_Father: {fileID: 4084553855544652}
  m_RootOrder: 0
  m_LocalEulerAnglesHint: {x: 0, y: 0, z: 0}
--- !u!4 &4291945570328168
Transform:
  m_ObjectHideFlags: 1
  m_CorrespondingSourceObject: {fileID: 0}
  m_PrefabInternal: {fileID: 100100000}
  m_GameObject: {fileID: 1386152745540370}
  m_LocalRotation: {x: 0.012955024, y: -0.0064883763, z: 0.006067019, w: 0.9998766}
  m_LocalPosition: {x: 0.0004423059, y: 0.11072274, z: -0.016240709}
  m_LocalScale: {x: 1, y: 1, z: 1}
  m_Children:
  - {fileID: 4872047508413664}
  m_Father: {fileID: 4956325745666034}
  m_RootOrder: 0
  m_LocalEulerAnglesHint: {x: 0, y: 0, z: 0}
--- !u!4 &4294356049857288
Transform:
  m_ObjectHideFlags: 1
  m_CorrespondingSourceObject: {fileID: 0}
  m_PrefabInternal: {fileID: 100100000}
  m_GameObject: {fileID: 1622132623834524}
  m_LocalRotation: {x: -0.0000000046827693, y: -0.023616368, z: 0.2326677, w: 0.97226954}
  m_LocalPosition: {x: -0.01540612, y: -0.000000037827277, z: 0.00000012857282}
  m_LocalScale: {x: 1, y: 1, z: 1}
  m_Children:
  - {fileID: 4526325785945088}
  m_Father: {fileID: 4331743695571982}
  m_RootOrder: 0
  m_LocalEulerAnglesHint: {x: 0, y: 0, z: 0}
--- !u!4 &4305073598409232
Transform:
  m_ObjectHideFlags: 1
  m_CorrespondingSourceObject: {fileID: 0}
  m_PrefabInternal: {fileID: 100100000}
  m_GameObject: {fileID: 1949304017067646}
  m_LocalRotation: {x: -0.020668572, y: 0.000000007713643, z: -9.95212e-10, w: 0.9997864}
  m_LocalPosition: {x: 0.025994688, y: -0.11814543, z: 0.1599981}
  m_LocalScale: {x: 1, y: 1, z: 1}
  m_Children:
  - {fileID: 4659754892028920}
  m_Father: {fileID: 4708277932787568}
  m_RootOrder: 0
  m_LocalEulerAnglesHint: {x: 0, y: 0, z: 0}
--- !u!4 &4322042741554528
Transform:
  m_ObjectHideFlags: 1
  m_CorrespondingSourceObject: {fileID: 0}
  m_PrefabInternal: {fileID: 100100000}
  m_GameObject: {fileID: 1948506767219272}
  m_LocalRotation: {x: -0.3186075, y: 0.10783039, z: -0.23193243, w: 0.9127263}
  m_LocalPosition: {x: 0.24143404, y: -0.00000016822614, z: -0.0000001713904}
  m_LocalScale: {x: 1, y: 1, z: 1}
  m_Children:
  - {fileID: 4547460994969744}
  - {fileID: 4993458967884418}
  - {fileID: 4769551029154992}
  - {fileID: 4412835098885438}
  - {fileID: 4787441161204360}
  m_Father: {fileID: 4706954140910914}
  m_RootOrder: 0
  m_LocalEulerAnglesHint: {x: 0, y: 0, z: 0}
--- !u!4 &4331743695571982
Transform:
  m_ObjectHideFlags: 1
  m_CorrespondingSourceObject: {fileID: 0}
  m_PrefabInternal: {fileID: 100100000}
  m_GameObject: {fileID: 1308438890683690}
  m_LocalRotation: {x: -0.00000007416616, y: -0.038827226, z: 0.38252333, w: 0.9231297}
  m_LocalPosition: {x: -0.015593764, y: 0.0000000262116, z: -0.000000045202412}
  m_LocalScale: {x: 1, y: 1, z: 1}
  m_Children:
  - {fileID: 4294356049857288}
  m_Father: {fileID: 4903793455435334}
  m_RootOrder: 0
  m_LocalEulerAnglesHint: {x: 0, y: 0, z: 0}
--- !u!4 &4336612848905364
Transform:
  m_ObjectHideFlags: 1
  m_CorrespondingSourceObject: {fileID: 0}
  m_PrefabInternal: {fileID: 100100000}
  m_GameObject: {fileID: 1085521097363520}
  m_LocalRotation: {x: -0.000000073750265, y: 0.035906717, z: -0.4462418, w: 0.8941918}
  m_LocalPosition: {x: 0.021970673, y: -0.00000011925901, z: 0.00000040541798}
  m_LocalScale: {x: 1, y: 1, z: 1}
  m_Children:
  - {fileID: 4184916910831326}
  m_Father: {fileID: 4955185464220036}
  m_RootOrder: 0
  m_LocalEulerAnglesHint: {x: 0, y: 0, z: 0}
--- !u!4 &4347214787823164
Transform:
  m_ObjectHideFlags: 1
  m_CorrespondingSourceObject: {fileID: 0}
  m_PrefabInternal: {fileID: 100100000}
  m_GameObject: {fileID: 1971529484338622}
  m_LocalRotation: {x: -0.018764334, y: -0.06382664, z: 0.56669104, w: 0.8212401}
  m_LocalPosition: {x: -0.1440981, y: 0.000000011587553, z: 0.000000040664435}
  m_LocalScale: {x: 1, y: 1, z: 1}
  m_Children:
  - {fileID: 4527866832172522}
  m_Father: {fileID: 4952008788882620}
  m_RootOrder: 1
  m_LocalEulerAnglesHint: {x: 0, y: 0, z: 0}
--- !u!4 &4355092651585338
Transform:
  m_ObjectHideFlags: 1
  m_CorrespondingSourceObject: {fileID: 0}
  m_PrefabInternal: {fileID: 100100000}
  m_GameObject: {fileID: 1799040555142820}
  m_LocalRotation: {x: -0.00000007475165, y: 0.036427714, z: -0.45271742, w: 0.8909096}
  m_LocalPosition: {x: 0.03216228, y: -0.000000066815794, z: 0.00000026665876}
  m_LocalScale: {x: 1, y: 1, z: 1}
  m_Children:
  - {fileID: 4476811257753096}
  m_Father: {fileID: 4547460994969744}
  m_RootOrder: 0
  m_LocalEulerAnglesHint: {x: 0, y: 0, z: 0}
--- !u!4 &4398813755127916
Transform:
  m_ObjectHideFlags: 1
  m_CorrespondingSourceObject: {fileID: 0}
  m_PrefabInternal: {fileID: 100100000}
  m_GameObject: {fileID: 1185727075132544}
  m_LocalRotation: {x: -0.063927814, y: -0.0037700874, z: -0.114498734, w: 0.9913572}
  m_LocalPosition: {x: -0.036488704, y: -0.021066597, z: 0.02106638}
  m_LocalScale: {x: 1, y: 1, z: 1}
  m_Children:
  - {fileID: 4522214491059624}
  m_Father: {fileID: 4807406655256398}
  m_RootOrder: 0
  m_LocalEulerAnglesHint: {x: 0, y: 0, z: 0}
--- !u!4 &4412835098885438
Transform:
  m_ObjectHideFlags: 1
  m_CorrespondingSourceObject: {fileID: 0}
  m_PrefabInternal: {fileID: 100100000}
  m_GameObject: {fileID: 1941816185881052}
  m_LocalRotation: {x: 0.011817786, y: 0.09449032, z: -0.5230786, w: 0.84694785}
  m_LocalPosition: {x: 0.12771104, y: 0.0019577816, z: -0.029660098}
  m_LocalScale: {x: 1, y: 1, z: 1}
  m_Children:
  - {fileID: 4955185464220036}
  m_Father: {fileID: 4322042741554528}
  m_RootOrder: 3
  m_LocalEulerAnglesHint: {x: 0, y: 0, z: 0}
--- !u!4 &4424287033412404
Transform:
  m_ObjectHideFlags: 1
  m_CorrespondingSourceObject: {fileID: 0}
  m_PrefabInternal: {fileID: 100100000}
  m_GameObject: {fileID: 1397798808409310}
  m_LocalRotation: {x: 0.022559002, y: -0.15873088, z: -0.10021725, w: 0.9819634}
  m_LocalPosition: {x: 0.06823778, y: 0.11756621, z: -0.021177225}
  m_LocalScale: {x: 1, y: 1, z: 1}
  m_Children:
  - {fileID: 4868750113579796}
  m_Father: {fileID: 4872047508413664}
  m_RootOrder: 2
  m_LocalEulerAnglesHint: {x: 0, y: 0, z: 0}
--- !u!4 &4476811257753096
Transform:
  m_ObjectHideFlags: 1
  m_CorrespondingSourceObject: {fileID: 0}
  m_PrefabInternal: {fileID: 100100000}
  m_GameObject: {fileID: 1597398505391106}
  m_LocalRotation: {x: -0.00000008146618, y: 0.045979656, z: -0.5714282, w: 0.819363}
  m_LocalPosition: {x: 0.026382633, y: -0.00000012976345, z: 0.00000045369796}
  m_LocalScale: {x: 1, y: 1, z: 1}
  m_Children:
  - {fileID: 4616699513113946}
  m_Father: {fileID: 4355092651585338}
  m_RootOrder: 0
  m_LocalEulerAnglesHint: {x: 0, y: 0, z: 0}
--- !u!4 &4497061634890608
Transform:
  m_ObjectHideFlags: 1
  m_CorrespondingSourceObject: {fileID: 0}
  m_PrefabInternal: {fileID: 100100000}
  m_GameObject: {fileID: 1640050286123492}
  m_LocalRotation: {x: 0, y: -0, z: -0, w: 1}
  m_LocalPosition: {x: -0.036331795, y: 0.00000001375854, z: 0.00000019456445}
  m_LocalScale: {x: 1, y: 1, z: 1}
  m_Children: []
  m_Father: {fileID: 4559879419965350}
  m_RootOrder: 0
  m_LocalEulerAnglesHint: {x: 0, y: 0, z: 0}
--- !u!4 &4522214491059624
Transform:
  m_ObjectHideFlags: 1
  m_CorrespondingSourceObject: {fileID: 0}
  m_PrefabInternal: {fileID: 100100000}
  m_GameObject: {fileID: 1408684676989744}
  m_LocalRotation: {x: 0, y: -0, z: -0, w: 1}
  m_LocalPosition: {x: -0.029669987, y: -0.017129876, z: 0.01712967}
  m_LocalScale: {x: 1, y: 1, z: 1}
  m_Children: []
  m_Father: {fileID: 4398813755127916}
  m_RootOrder: 0
  m_LocalEulerAnglesHint: {x: 0, y: 0, z: 0}
--- !u!4 &4522391792147360
Transform:
  m_ObjectHideFlags: 1
  m_CorrespondingSourceObject: {fileID: 0}
  m_PrefabInternal: {fileID: 100100000}
  m_GameObject: {fileID: 1237878865414024}
  m_LocalRotation: {x: 0.06315451, y: 0.35569954, z: 0.27320364, w: 0.8915431}
  m_LocalPosition: {x: 0.036777806, y: -0.021233782, z: 0.021234006}
  m_LocalScale: {x: 1, y: 1, z: 1}
  m_Children:
  - {fileID: 4536580012035218}
  m_Father: {fileID: 4807386105601626}
  m_RootOrder: 0
  m_LocalEulerAnglesHint: {x: 0, y: 0, z: 0}
--- !u!4 &4526325785945088
Transform:
  m_ObjectHideFlags: 1
  m_CorrespondingSourceObject: {fileID: 0}
  m_PrefabInternal: {fileID: 100100000}
  m_GameObject: {fileID: 1381488159909242}
  m_LocalRotation: {x: 0, y: -0, z: -0, w: 1}
  m_LocalPosition: {x: -0.01668704, y: -0.000000030739862, z: 0.000000073540384}
  m_LocalScale: {x: 1, y: 1, z: 1}
  m_Children: []
  m_Father: {fileID: 4294356049857288}
  m_RootOrder: 0
  m_LocalEulerAnglesHint: {x: 0, y: 0, z: 0}
--- !u!4 &4527866832172522
Transform:
  m_ObjectHideFlags: 1
  m_CorrespondingSourceObject: {fileID: 0}
  m_PrefabInternal: {fileID: 100100000}
  m_GameObject: {fileID: 1206209119049174}
  m_LocalRotation: {x: -0.00000010516479, y: -0.05366716, z: 0.5287269, w: 0.8470937}
  m_LocalPosition: {x: -0.032590732, y: -0.000000035104083, z: 0.00000034869234}
  m_LocalScale: {x: 1, y: 1, z: 1}
  m_Children:
  - {fileID: 4656722525556516}
  m_Father: {fileID: 4347214787823164}
  m_RootOrder: 0
  m_LocalEulerAnglesHint: {x: 0, y: 0, z: 0}
--- !u!4 &4536580012035218
Transform:
  m_ObjectHideFlags: 1
  m_CorrespondingSourceObject: {fileID: 0}
  m_PrefabInternal: {fileID: 100100000}
  m_GameObject: {fileID: 1779873619380162}
  m_LocalRotation: {x: 0, y: -0, z: -0, w: 1}
  m_LocalPosition: {x: 0.029338492, y: -0.01693878, z: 0.016939055}
  m_LocalScale: {x: 1, y: 1, z: 1}
  m_Children: []
  m_Father: {fileID: 4522391792147360}
  m_RootOrder: 0
  m_LocalEulerAnglesHint: {x: 0, y: 0, z: 0}
--- !u!4 &4543517793979338
Transform:
  m_ObjectHideFlags: 1
  m_CorrespondingSourceObject: {fileID: 0}
  m_PrefabInternal: {fileID: 100100000}
  m_GameObject: {fileID: 1886422271707818}
  m_LocalRotation: {x: -0.073280685, y: -0.10519566, z: -0.034458052, w: 0.99114907}
  m_LocalPosition: {x: -0.09618273, y: -0.052722976, z: -0.010108859}
  m_LocalScale: {x: 1, y: 1, z: 1}
  m_Children:
  - {fileID: 4691536188215798}
  m_Father: {fileID: 4766826801590490}
  m_RootOrder: 0
  m_LocalEulerAnglesHint: {x: 0, y: 0, z: 0}
--- !u!4 &4547460994969744
Transform:
  m_ObjectHideFlags: 1
  m_CorrespondingSourceObject: {fileID: 0}
  m_PrefabInternal: {fileID: 100100000}
  m_GameObject: {fileID: 1741628849937276}
  m_LocalRotation: {x: -0.0063165287, y: -0.013349035, z: -0.11034649, w: 0.9937835}
  m_LocalPosition: {x: 0.14636856, y: -0.0040801507, z: 0.030830147}
  m_LocalScale: {x: 1, y: 1, z: 1}
  m_Children:
  - {fileID: 4355092651585338}
  m_Father: {fileID: 4322042741554528}
  m_RootOrder: 0
  m_LocalEulerAnglesHint: {x: 0, y: 0, z: 0}
--- !u!4 &4559879419965350
Transform:
  m_ObjectHideFlags: 1
  m_CorrespondingSourceObject: {fileID: 0}
  m_PrefabInternal: {fileID: 100100000}
  m_GameObject: {fileID: 1820343317855000}
  m_LocalRotation: {x: 0.000000011581464, y: -0.030105604, z: 0.29659864, w: 0.9545276}
  m_LocalPosition: {x: -0.0265958, y: -0.0000000663268, z: 0.0000004233507}
  m_LocalScale: {x: 1, y: 1, z: 1}
  m_Children:
  - {fileID: 4497061634890608}
  m_Father: {fileID: 4685558219281446}
  m_RootOrder: 0
  m_LocalEulerAnglesHint: {x: 0, y: 0, z: 0}
--- !u!4 &4565971992097952
Transform:
  m_ObjectHideFlags: 1
  m_CorrespondingSourceObject: {fileID: 0}
  m_PrefabInternal: {fileID: 100100000}
  m_GameObject: {fileID: 1131347380740808}
  m_LocalRotation: {x: 0, y: -0, z: -0, w: 1}
  m_LocalPosition: {x: -0.036738604, y: 0.000000019144036, z: 0.00000035141576}
  m_LocalScale: {x: 1, y: 1, z: 1}
  m_Children: []
  m_Father: {fileID: 4656722525556516}
  m_RootOrder: 0
  m_LocalEulerAnglesHint: {x: 0, y: 0, z: 0}
--- !u!4 &4577702594399496
Transform:
  m_ObjectHideFlags: 1
  m_CorrespondingSourceObject: {fileID: 0}
  m_PrefabInternal: {fileID: 100100000}
  m_GameObject: {fileID: 1797256366710106}
  m_LocalRotation: {x: 0.026729133, y: 0.093386985, z: -0.01895577, w: 0.99509054}
  m_LocalPosition: {x: -3.5927188e-12, y: 0.03280216, z: 0.0031333151}
  m_LocalScale: {x: 1, y: 1, z: 1}
  m_Children:
  - {fileID: 4122673831598796}
  m_Father: {fileID: 4887312498255672}
  m_RootOrder: 0
  m_LocalEulerAnglesHint: {x: 0, y: 0, z: 0}
--- !u!4 &4603984175290826
Transform:
  m_ObjectHideFlags: 1
  m_CorrespondingSourceObject: {fileID: 0}
  m_PrefabInternal: {fileID: 100100000}
  m_GameObject: {fileID: 1975430541507166}
  m_LocalRotation: {x: -0.00000007129404, y: 0.6227385, z: 0.000000094943296, w: 0.78243005}
  m_LocalPosition: {x: -0.23160301, y: 0.0000002864977, z: -0.000000044905665}
  m_LocalScale: {x: 1, y: 1, z: 1}
  m_Children:
  - {fileID: 4952008788882620}
  m_Father: {fileID: 4988442137860372}
  m_RootOrder: 0
  m_LocalEulerAnglesHint: {x: 0, y: 0, z: 0}
--- !u!4 &4613637361348512
Transform:
  m_ObjectHideFlags: 1
  m_CorrespondingSourceObject: {fileID: 0}
  m_PrefabInternal: {fileID: 100100000}
  m_GameObject: {fileID: 1091130723299380}
  m_LocalRotation: {x: 0, y: -0, z: -0, w: 1}
  m_LocalPosition: {x: -0, y: 0, z: 0}
  m_LocalScale: {x: 1, y: 1, z: 1}
  m_Children: []
  m_Father: {fileID: 4763177456716244}
  m_RootOrder: 1
  m_LocalEulerAnglesHint: {x: 0, y: 0, z: 0}
--- !u!4 &4616699513113946
Transform:
  m_ObjectHideFlags: 1
  m_CorrespondingSourceObject: {fileID: 0}
  m_PrefabInternal: {fileID: 100100000}
  m_GameObject: {fileID: 1280481889127532}
  m_LocalRotation: {x: 0, y: -0, z: -0, w: 1}
  m_LocalPosition: {x: 0.03653308, y: -0.00000009532337, z: 0.00000027110232}
  m_LocalScale: {x: 1, y: 1, z: 1}
  m_Children: []
  m_Father: {fileID: 4476811257753096}
  m_RootOrder: 0
  m_LocalEulerAnglesHint: {x: 0, y: 0, z: 0}
--- !u!4 &4628344113875954
Transform:
  m_ObjectHideFlags: 1
  m_CorrespondingSourceObject: {fileID: 0}
  m_PrefabInternal: {fileID: 100100000}
  m_GameObject: {fileID: 1721119040134754}
  m_LocalRotation: {x: 0.025757372, y: 0.13428378, z: 0.05743069, w: 0.9889419}
  m_LocalPosition: {x: 0.09940966, y: -0.052727308, z: -0.012116553}
  m_LocalScale: {x: 1, y: 1, z: 1}
  m_Children:
  - {fileID: 4108872171928842}
  m_Father: {fileID: 4766826801590490}
  m_RootOrder: 1
  m_LocalEulerAnglesHint: {x: 0, y: 0, z: 0}
--- !u!4 &4648014610390922
Transform:
  m_ObjectHideFlags: 1
  m_CorrespondingSourceObject: {fileID: 0}
  m_PrefabInternal: {fileID: 100100000}
  m_GameObject: {fileID: 1587454688823390}
  m_LocalRotation: {x: 0, y: -0, z: -0, w: 1}
  m_LocalPosition: {x: -0.027868727, y: -0.000000014355639, z: 0.00000015878265}
  m_LocalScale: {x: 1, y: 1, z: 1}
  m_Children: []
  m_Father: {fileID: 4263307523499880}
  m_RootOrder: 0
  m_LocalEulerAnglesHint: {x: 0, y: 0, z: 0}
--- !u!4 &4656722525556516
Transform:
  m_ObjectHideFlags: 1
  m_CorrespondingSourceObject: {fileID: 0}
  m_PrefabInternal: {fileID: 100100000}
  m_GameObject: {fileID: 1742338840244796}
  m_LocalRotation: {x: -0.000000003430969, y: -0.026263665, z: 0.2587484, w: 0.9655876}
  m_LocalPosition: {x: -0.026398608, y: -0.000000009586504, z: 0.00000024530667}
  m_LocalScale: {x: 1, y: 1, z: 1}
  m_Children:
  - {fileID: 4565971992097952}
  m_Father: {fileID: 4527866832172522}
  m_RootOrder: 0
  m_LocalEulerAnglesHint: {x: 0, y: 0, z: 0}
--- !u!4 &4659754892028920
Transform:
  m_ObjectHideFlags: 1
  m_CorrespondingSourceObject: {fileID: 0}
  m_PrefabInternal: {fileID: 100100000}
  m_GameObject: {fileID: 1329766143384156}
  m_LocalRotation: {x: 0, y: -0, z: -0, w: 1}
  m_LocalPosition: {x: 0.012230537, y: 0.00044393796, z: 0.0792706}
  m_LocalScale: {x: 1, y: 1, z: 1}
  m_Children: []
  m_Father: {fileID: 4305073598409232}
  m_RootOrder: 0
  m_LocalEulerAnglesHint: {x: 0, y: 0, z: 0}
--- !u!4 &4685558219281446
Transform:
  m_ObjectHideFlags: 1
  m_CorrespondingSourceObject: {fileID: 0}
  m_PrefabInternal: {fileID: 100100000}
  m_GameObject: {fileID: 1904094306670172}
  m_LocalRotation: {x: -0.00000009149871, y: -0.054505445, z: 0.5369864, w: 0.8418282}
  m_LocalPosition: {x: -0.032486163, y: -0.00000005702351, z: 0.00000035656208}
  m_LocalScale: {x: 1, y: 1, z: 1}
  m_Children:
  - {fileID: 4559879419965350}
  m_Father: {fileID: 4796402379576846}
  m_RootOrder: 0
  m_LocalEulerAnglesHint: {x: 0, y: 0, z: 0}
--- !u!4 &4691536188215798
Transform:
  m_ObjectHideFlags: 1
  m_CorrespondingSourceObject: {fileID: 0}
  m_PrefabInternal: {fileID: 100100000}
  m_GameObject: {fileID: 1883586087105300}
  m_LocalRotation: {x: 0.10425076, y: -0.06488903, z: -0.019856442, w: 0.99223334}
  m_LocalPosition: {x: -0.0011640775, y: -0.43344527, z: 0.013232857}
  m_LocalScale: {x: 1, y: 1, z: 1}
  m_Children:
  - {fileID: 4256688343904618}
  m_Father: {fileID: 4543517793979338}
  m_RootOrder: 0
  m_LocalEulerAnglesHint: {x: 0, y: 0, z: 0}
--- !u!4 &4706954140910914
Transform:
  m_ObjectHideFlags: 1
  m_CorrespondingSourceObject: {fileID: 0}
  m_PrefabInternal: {fileID: 100100000}
  m_GameObject: {fileID: 1055278285925382}
  m_LocalRotation: {x: 0.00000013894665, y: -0.753744, z: 0.000000048927667, w: 0.65716815}
  m_LocalPosition: {x: 0.23160207, y: -0.00000009733721, z: 0.0000000070458137}
  m_LocalScale: {x: 1, y: 1, z: 1}
  m_Children:
  - {fileID: 4322042741554528}
  m_Father: {fileID: 4868750113579796}
  m_RootOrder: 0
  m_LocalEulerAnglesHint: {x: 0, y: 0, z: 0}
--- !u!4 &4708277932787568
Transform:
  m_ObjectHideFlags: 1
  m_CorrespondingSourceObject: {fileID: 0}
  m_PrefabInternal: {fileID: 100100000}
  m_GameObject: {fileID: 1806040368966898}
  m_LocalRotation: {x: -0.1390486, y: 0.038181268, z: -0.06877962, w: 0.98715603}
  m_LocalPosition: {x: -0.0011710323, y: -0.44331416, z: -0.047271863}
  m_LocalScale: {x: 1, y: 1, z: 1}
  m_Children:
  - {fileID: 4305073598409232}
  m_Father: {fileID: 4108872171928842}
  m_RootOrder: 0
  m_LocalEulerAnglesHint: {x: 0, y: 0, z: 0}
--- !u!4 &4763177456716244
Transform:
  m_ObjectHideFlags: 1
  m_CorrespondingSourceObject: {fileID: 0}
  m_PrefabInternal: {fileID: 100100000}
  m_GameObject: {fileID: 1317901323543832}
  m_LocalRotation: {x: -0, y: -0, z: -0, w: 1}
  m_LocalPosition: {x: 0, y: -0.06, z: 0}
  m_LocalScale: {x: 1, y: 1, z: 1}
  m_Children:
  - {fileID: 4766826801590490}
  - {fileID: 4613637361348512}
  - {fileID: 4776729613281678}
  m_Father: {fileID: 0}
  m_RootOrder: 0
  m_LocalEulerAnglesHint: {x: 0, y: 0, z: 0}
--- !u!4 &4766826801590490
Transform:
  m_ObjectHideFlags: 1
  m_CorrespondingSourceObject: {fileID: 0}
  m_PrefabInternal: {fileID: 100100000}
  m_GameObject: {fileID: 1046682555679588}
  m_LocalRotation: {x: -0.06356441, y: 0.03539278, z: -0.030168833, w: 0.9968936}
  m_LocalPosition: {x: 0.0011074254, y: 1.0319798, z: 0.0077060624}
  m_LocalScale: {x: 1, y: 1, z: 1}
  m_Children:
  - {fileID: 4543517793979338}
  - {fileID: 4628344113875954}
  - {fileID: 4956325745666034}
  m_Father: {fileID: 4763177456716244}
  m_RootOrder: 0
  m_LocalEulerAnglesHint: {x: 0, y: 0, z: 0}
--- !u!4 &4769551029154992
Transform:
  m_ObjectHideFlags: 1
  m_CorrespondingSourceObject: {fileID: 0}
  m_PrefabInternal: {fileID: 100100000}
  m_GameObject: {fileID: 1019864218111782}
  m_LocalRotation: {x: 0.0154004125, y: 0.09998654, z: -0.5945585, w: 0.79766273}
  m_LocalPosition: {x: 0.1175078, y: -0.004615156, z: -0.056505922}
  m_LocalScale: {x: 1, y: 1, z: 1}
  m_Children:
  - {fileID: 4248498220926234}
  m_Father: {fileID: 4322042741554528}
  m_RootOrder: 2
  m_LocalEulerAnglesHint: {x: 0, y: 0, z: 0}
--- !u!4 &4776729613281678
Transform:
  m_ObjectHideFlags: 1
  m_CorrespondingSourceObject: {fileID: 0}
  m_PrefabInternal: {fileID: 100100000}
  m_GameObject: {fileID: 1113300576957456}
  m_LocalRotation: {x: 0, y: -0, z: -0, w: 1}
  m_LocalPosition: {x: -0, y: 0, z: 0}
  m_LocalScale: {x: 1, y: 1, z: 1}
  m_Children: []
  m_Father: {fileID: 4763177456716244}
  m_RootOrder: 2
  m_LocalEulerAnglesHint: {x: 0, y: 0, z: 0}
--- !u!4 &4787441161204360
Transform:
  m_ObjectHideFlags: 1
  m_CorrespondingSourceObject: {fileID: 0}
  m_PrefabInternal: {fileID: 100100000}
  m_GameObject: {fileID: 1771813542408468}
  m_LocalRotation: {x: 0.18520264, y: -0.034587644, z: -0.1720184, w: 0.96690917}
  m_LocalPosition: {x: 0.041925907, y: -0.020273259, z: 0.014723727}
  m_LocalScale: {x: 1, y: 1, z: 1}
  m_Children:
  - {fileID: 4807386105601626}
  m_Father: {fileID: 4322042741554528}
  m_RootOrder: 4
  m_LocalEulerAnglesHint: {x: 0, y: 0, z: 0}
--- !u!4 &4796402379576846
Transform:
  m_ObjectHideFlags: 1
  m_CorrespondingSourceObject: {fileID: 0}
  m_PrefabInternal: {fileID: 100100000}
  m_GameObject: {fileID: 1637314667840480}
  m_LocalRotation: {x: -0.04577506, y: -0.014647726, z: 0.5299516, w: 0.8466649}
  m_LocalPosition: {x: -0.14669356, y: -0.003959881, z: 0.028558757}
  m_LocalScale: {x: 1, y: 1, z: 1}
  m_Children:
  - {fileID: 4685558219281446}
  m_Father: {fileID: 4952008788882620}
  m_RootOrder: 0
  m_LocalEulerAnglesHint: {x: 0, y: 0, z: 0}
--- !u!4 &4799925133114060
Transform:
  m_ObjectHideFlags: 1
  m_CorrespondingSourceObject: {fileID: 0}
  m_PrefabInternal: {fileID: 100100000}
  m_GameObject: {fileID: 1064071788634558}
  m_LocalRotation: {x: -0.11573803, y: 0.1469634, z: -0.052536078, w: 0.9809416}
  m_LocalPosition: {x: -0.041733883, y: -0.019250639, z: 0.01510903}
  m_LocalScale: {x: 1, y: 1, z: 1}
  m_Children:
  - {fileID: 4807406655256398}
  m_Father: {fileID: 4952008788882620}
  m_RootOrder: 4
  m_LocalEulerAnglesHint: {x: 0, y: 0, z: 0}
--- !u!4 &4807386105601626
Transform:
  m_ObjectHideFlags: 1
  m_CorrespondingSourceObject: {fileID: 0}
  m_PrefabInternal: {fileID: 100100000}
  m_GameObject: {fileID: 1926619779487438}
  m_LocalRotation: {x: 0.06539717, y: 0.09093222, z: 0.29287213, w: 0.94956857}
  m_LocalPosition: {x: 0.030266378, y: -0.017474392, z: 0.01747454}
  m_LocalScale: {x: 1, y: 1, z: 1}
  m_Children:
  - {fileID: 4522391792147360}
  m_Father: {fileID: 4787441161204360}
  m_RootOrder: 0
  m_LocalEulerAnglesHint: {x: 0, y: 0, z: 0}
--- !u!4 &4807406655256398
Transform:
  m_ObjectHideFlags: 1
  m_CorrespondingSourceObject: {fileID: 0}
  m_PrefabInternal: {fileID: 100100000}
  m_GameObject: {fileID: 1669547020334754}
  m_LocalRotation: {x: 0.008640019, y: -0.006472571, z: 0.012501351, w: 0.9998636}
  m_LocalPosition: {x: -0.029979995, y: -0.017308768, z: 0.01730855}
  m_LocalScale: {x: 1, y: 1, z: 1}
  m_Children:
  - {fileID: 4398813755127916}
  m_Father: {fileID: 4799925133114060}
  m_RootOrder: 0
  m_LocalEulerAnglesHint: {x: 0, y: 0, z: 0}
--- !u!4 &4833929316087028
Transform:
  m_ObjectHideFlags: 1
  m_CorrespondingSourceObject: {fileID: 0}
  m_PrefabInternal: {fileID: 100100000}
  m_GameObject: {fileID: 1099434524493172}
  m_LocalRotation: {x: 0.01966456, y: 0.14076585, z: 0.17159891, w: 0.97486}
  m_LocalPosition: {x: -0.06728773, y: 0.11756621, z: -0.020584604}
  m_LocalScale: {x: 1, y: 1, z: 1}
  m_Children:
  - {fileID: 4988442137860372}
  m_Father: {fileID: 4872047508413664}
  m_RootOrder: 0
  m_LocalEulerAnglesHint: {x: 0, y: 0, z: 0}
--- !u!4 &4857244036957826
Transform:
  m_ObjectHideFlags: 1
  m_CorrespondingSourceObject: {fileID: 0}
  m_PrefabInternal: {fileID: 100100000}
  m_GameObject: {fileID: 1591948939198010}
  m_LocalRotation: {x: -0.01207983, y: -0.07995389, z: 0.62221766, w: 0.77865696}
  m_LocalPosition: {x: -0.13191454, y: 0.0031884967, z: -0.033052586}
  m_LocalScale: {x: 1, y: 1, z: 1}
  m_Children:
  - {fileID: 4084553855544652}
  m_Father: {fileID: 4952008788882620}
  m_RootOrder: 3
  m_LocalEulerAnglesHint: {x: 0, y: 0, z: 0}
--- !u!4 &4868750113579796
Transform:
  m_ObjectHideFlags: 1
  m_CorrespondingSourceObject: {fileID: 0}
  m_PrefabInternal: {fileID: 100100000}
  m_GameObject: {fileID: 1536789900406480}
  m_LocalRotation: {x: 0.15291335, y: -0.1620123, z: -0.33838004, w: 0.9142584}
  m_LocalPosition: {x: 0.14057526, y: -0.03183551, z: -0.0005925985}
  m_LocalScale: {x: 1, y: 1, z: 1}
  m_Children:
  - {fileID: 4706954140910914}
  m_Father: {fileID: 4424287033412404}
  m_RootOrder: 0
  m_LocalEulerAnglesHint: {x: 0, y: 0, z: 0}
--- !u!4 &4872047508413664
Transform:
  m_ObjectHideFlags: 1
  m_CorrespondingSourceObject: {fileID: 0}
  m_PrefabInternal: {fileID: 100100000}
  m_GameObject: {fileID: 1027056211549032}
  m_LocalRotation: {x: 0.012906748, y: -0.006510779, z: 0.005961231, w: 0.99987775}
  m_LocalPosition: {x: 0.00050549273, y: 0.12654033, z: -0.018560817}
  m_LocalScale: {x: 1, y: 1, z: 1}
  m_Children:
  - {fileID: 4833929316087028}
  - {fileID: 4887312498255672}
  - {fileID: 4424287033412404}
  m_Father: {fileID: 4291945570328168}
  m_RootOrder: 0
  m_LocalEulerAnglesHint: {x: 0, y: 0, z: 0}
--- !u!4 &4887312498255672
Transform:
  m_ObjectHideFlags: 1
  m_CorrespondingSourceObject: {fileID: 0}
  m_PrefabInternal: {fileID: 100100000}
  m_GameObject: {fileID: 1145486295380378}
  m_LocalRotation: {x: 0.020874953, y: -0.04644192, z: -0.015198692, w: 0.99858725}
  m_LocalPosition: {x: 0.000568679, y: 0.1423577, z: -0.020880915}
  m_LocalScale: {x: 1, y: 1, z: 1}
  m_Children:
  - {fileID: 4577702594399496}
  m_Father: {fileID: 4872047508413664}
  m_RootOrder: 1
  m_LocalEulerAnglesHint: {x: 0, y: 0, z: 0}
--- !u!4 &4903793455435334
Transform:
  m_ObjectHideFlags: 1
  m_CorrespondingSourceObject: {fileID: 0}
  m_PrefabInternal: {fileID: 100100000}
  m_GameObject: {fileID: 1272077164080362}
  m_LocalRotation: {x: -0.0044151796, y: -0.09098578, z: 0.63980323, w: 0.7631212}
  m_LocalPosition: {x: -0.116363496, y: -0.005219507, z: -0.056137238}
  m_LocalScale: {x: 1, y: 1, z: 1}
  m_Children:
  - {fileID: 4331743695571982}
  m_Father: {fileID: 4952008788882620}
  m_RootOrder: 2
  m_LocalEulerAnglesHint: {x: 0, y: 0, z: 0}
--- !u!4 &4918082559663426
Transform:
  m_ObjectHideFlags: 1
  m_CorrespondingSourceObject: {fileID: 0}
  m_PrefabInternal: {fileID: 100100000}
  m_GameObject: {fileID: 1822291944204198}
  m_LocalRotation: {x: -0.00000052937014, y: -0.000000028540958, z: -0.0000000048579163,
    w: 1}
  m_LocalPosition: {x: -0.025994625, y: -0.118143216, z: 0.15813892}
  m_LocalScale: {x: 1, y: 1, z: 1}
  m_Children:
  - {fileID: 4249726016020052}
  m_Father: {fileID: 4256688343904618}
  m_RootOrder: 0
  m_LocalEulerAnglesHint: {x: 0, y: 0, z: 0}
--- !u!4 &4921582525885794
Transform:
  m_ObjectHideFlags: 1
  m_CorrespondingSourceObject: {fileID: 0}
  m_PrefabInternal: {fileID: 100100000}
  m_GameObject: {fileID: 1628182517562486}
  m_LocalRotation: {x: 0, y: -0, z: -0, w: 1}
  m_LocalPosition: {x: 0.016682079, y: -0.00000011728626, z: 0.0000003918306}
  m_LocalScale: {x: 1, y: 1, z: 1}
  m_Children: []
  m_Father: {fileID: 4941584439850216}
  m_RootOrder: 0
  m_LocalEulerAnglesHint: {x: 0, y: 0, z: 0}
--- !u!4 &4941584439850216
Transform:
  m_ObjectHideFlags: 1
  m_CorrespondingSourceObject: {fileID: 0}
  m_PrefabInternal: {fileID: 100100000}
  m_GameObject: {fileID: 1115801091293534}
  m_LocalRotation: {x: -0.000000038797157, y: 0.026867263, z: -0.33390048, w: 0.9422254}
  m_LocalPosition: {x: 0.013640852, y: -0.00000005722103, z: 0.0000002211756}
  m_LocalScale: {x: 1, y: 1, z: 1}
  m_Children:
  - {fileID: 4921582525885794}
  m_Father: {fileID: 4248498220926234}
  m_RootOrder: 0
  m_LocalEulerAnglesHint: {x: 0, y: 0, z: 0}
--- !u!4 &4952008788882620
Transform:
  m_ObjectHideFlags: 1
  m_CorrespondingSourceObject: {fileID: 0}
  m_PrefabInternal: {fileID: 100100000}
  m_GameObject: {fileID: 1206511793062560}
  m_LocalRotation: {x: 0.8751116, y: 0.06436664, z: 0.06902865, w: -0.47462806}
  m_LocalPosition: {x: -0.2407175, y: 0.0000003100236, z: -0.00000015627812}
  m_LocalScale: {x: 1, y: 1, z: 1}
  m_Children:
  - {fileID: 4796402379576846}
  - {fileID: 4347214787823164}
  - {fileID: 4903793455435334}
  - {fileID: 4857244036957826}
  - {fileID: 4799925133114060}
  m_Father: {fileID: 4603984175290826}
  m_RootOrder: 0
  m_LocalEulerAnglesHint: {x: 0, y: 0, z: 0}
--- !u!4 &4955185464220036
Transform:
  m_ObjectHideFlags: 1
  m_CorrespondingSourceObject: {fileID: 0}
  m_PrefabInternal: {fileID: 100100000}
  m_GameObject: {fileID: 1846248566603342}
  m_LocalRotation: {x: -0.0000000044331236, y: 0.04485072, z: -0.55739576, w: 0.8290346}
  m_LocalPosition: {x: 0.025128046, y: 0.000000096182966, z: -0.00000039243722}
  m_LocalScale: {x: 1, y: 1, z: 1}
  m_Children:
  - {fileID: 4336612848905364}
  m_Father: {fileID: 4412835098885438}
  m_RootOrder: 0
  m_LocalEulerAnglesHint: {x: 0, y: 0, z: 0}
--- !u!4 &4956325745666034
Transform:
  m_ObjectHideFlags: 1
  m_CorrespondingSourceObject: {fileID: 0}
  m_PrefabInternal: {fileID: 100100000}
  m_GameObject: {fileID: 1423965107113842}
  m_LocalRotation: {x: 0.046375543, y: -0.019155186, z: 0.019185591, w: 0.99855614}
  m_LocalPosition: {x: 0.0003812131, y: 0.09490512, z: -0.013920627}
  m_LocalScale: {x: 1, y: 1, z: 1}
  m_Children:
  - {fileID: 4291945570328168}
  m_Father: {fileID: 4766826801590490}
  m_RootOrder: 2
  m_LocalEulerAnglesHint: {x: 0, y: 0, z: 0}
--- !u!4 &4986639648265812
Transform:
  m_ObjectHideFlags: 1
  m_CorrespondingSourceObject: {fileID: 0}
  m_PrefabInternal: {fileID: 100100000}
  m_GameObject: {fileID: 1564172961420298}
  m_LocalRotation: {x: 0, y: -0, z: -0, w: 1}
  m_LocalPosition: {x: 0.031308446, y: -0.00042626454, z: 0.0005759231}
  m_LocalScale: {x: 1, y: 1, z: 1}
  m_Children: []
  m_Father: {fileID: 4190584015352704}
  m_RootOrder: 0
  m_LocalEulerAnglesHint: {x: 0, y: 0, z: 0}
--- !u!4 &4988442137860372
Transform:
  m_ObjectHideFlags: 1
  m_CorrespondingSourceObject: {fileID: 0}
  m_PrefabInternal: {fileID: 100100000}
  m_GameObject: {fileID: 1648994273408572}
  m_LocalRotation: {x: 0.058534864, y: 0.07875475, z: 0.30384922, w: 0.9476535}
  m_LocalPosition: {x: -0.14094679, y: -0.031787436, z: 0.0005926289}
  m_LocalScale: {x: 1, y: 1, z: 1}
  m_Children:
  - {fileID: 4603984175290826}
  m_Father: {fileID: 4833929316087028}
  m_RootOrder: 0
  m_LocalEulerAnglesHint: {x: 0, y: 0, z: 0}
--- !u!4 &4993458967884418
Transform:
  m_ObjectHideFlags: 1
  m_CorrespondingSourceObject: {fileID: 0}
  m_PrefabInternal: {fileID: 100100000}
  m_GameObject: {fileID: 1148295801075488}
  m_LocalRotation: {x: -0.014838871, y: 0.042932153, z: -0.45808458, w: 0.8877473}
  m_LocalPosition: {x: 0.14530444, y: 0.00000033009468, z: -0.00000023904232}
  m_LocalScale: {x: 1, y: 1, z: 1}
  m_Children:
  - {fileID: 4002633589724556}
  m_Father: {fileID: 4322042741554528}
  m_RootOrder: 1
  m_LocalEulerAnglesHint: {x: 0, y: 0, z: 0}
--- !u!95 &95677888492399222
Animator:
  serializedVersion: 3
  m_ObjectHideFlags: 1
  m_CorrespondingSourceObject: {fileID: 0}
  m_PrefabInternal: {fileID: 100100000}
  m_GameObject: {fileID: 1317901323543832}
  m_Enabled: 1
  m_Avatar: {fileID: 9000000, guid: f96dc206890c2674e9437bbb6ed3e51e, type: 3}
  m_Controller: {fileID: 9100000, guid: a6b3df97f4fe0c743b09b2996d7c10fe, type: 2}
  m_CullingMode: 1
  m_UpdateMode: 0
  m_ApplyRootMotion: 0
  m_LinearVelocityBlending: 0
  m_WarningMessage: 
  m_HasTransformHierarchy: 1
  m_AllowConstantClipSamplingOptimization: 1
  m_KeepAnimatorControllerStateOnDisable: 0
--- !u!137 &137183575724521656
SkinnedMeshRenderer:
  m_ObjectHideFlags: 1
  m_CorrespondingSourceObject: {fileID: 0}
  m_PrefabInternal: {fileID: 100100000}
  m_GameObject: {fileID: 1113300576957456}
  m_Enabled: 1
  m_CastShadows: 1
  m_ReceiveShadows: 1
  m_DynamicOccludee: 1
  m_MotionVectors: 1
  m_LightProbeUsage: 1
  m_ReflectionProbeUsage: 1
  m_RenderingLayerMask: 4294967295
  m_Materials:
  - {fileID: 2100000, guid: 1e649238740a0b041adb2017c5af5eb7, type: 2}
  m_StaticBatchInfo:
    firstSubMesh: 0
    subMeshCount: 0
  m_StaticBatchRoot: {fileID: 0}
  m_ProbeAnchor: {fileID: 0}
  m_LightProbeVolumeOverride: {fileID: 0}
  m_ScaleInLightmap: 1
  m_PreserveUVs: 0
  m_IgnoreNormalsForChartDetection: 0
  m_ImportantGI: 0
  m_StitchLightmapSeams: 0
  m_SelectedEditorRenderState: 3
  m_MinimumChartSize: 4
  m_AutoUVMaxDistance: 0.5
  m_AutoUVMaxAngle: 89
  m_LightmapParameters: {fileID: 0}
  m_SortingLayerID: 0
  m_SortingLayer: 0
  m_SortingOrder: 0
  serializedVersion: 2
  m_Quality: 0
  m_UpdateWhenOffscreen: 0
  m_SkinnedMotionVectors: 1
  m_Mesh: {fileID: 4300000, guid: f96dc206890c2674e9437bbb6ed3e51e, type: 3}
  m_Bones:
  - {fileID: 4872047508413664}
  - {fileID: 4887312498255672}
  - {fileID: 4577702594399496}
  - {fileID: 4122673831598796}
  - {fileID: 4833929316087028}
  - {fileID: 4424287033412404}
  m_BlendShapeWeights: []
  m_RootBone: {fileID: 4872047508413664}
  m_AABB:
    m_Center: {x: 0.0068505853, y: 0.2715006, z: 0.12558882}
    m_Extent: {x: 0.077488184, y: 0.070034735, z: 0.041305363}
  m_DirtyAABB: 0
--- !u!137 &137963878548359672
SkinnedMeshRenderer:
  m_ObjectHideFlags: 1
  m_CorrespondingSourceObject: {fileID: 0}
  m_PrefabInternal: {fileID: 100100000}
  m_GameObject: {fileID: 1091130723299380}
  m_Enabled: 1
  m_CastShadows: 1
  m_ReceiveShadows: 1
  m_DynamicOccludee: 1
  m_MotionVectors: 1
  m_LightProbeUsage: 1
  m_ReflectionProbeUsage: 1
  m_RenderingLayerMask: 4294967295
  m_Materials:
  - {fileID: 2100000, guid: c537143aed4c2e44bb9a51c9ce3b4c49, type: 2}
  m_StaticBatchInfo:
    firstSubMesh: 0
    subMeshCount: 0
  m_StaticBatchRoot: {fileID: 0}
  m_ProbeAnchor: {fileID: 0}
  m_LightProbeVolumeOverride: {fileID: 0}
  m_ScaleInLightmap: 1
  m_PreserveUVs: 0
  m_IgnoreNormalsForChartDetection: 0
  m_ImportantGI: 0
  m_StitchLightmapSeams: 0
  m_SelectedEditorRenderState: 3
  m_MinimumChartSize: 4
  m_AutoUVMaxDistance: 0.5
  m_AutoUVMaxAngle: 89
  m_LightmapParameters: {fileID: 0}
  m_SortingLayerID: 0
  m_SortingLayer: 0
  m_SortingOrder: 0
  serializedVersion: 2
  m_Quality: 0
  m_UpdateWhenOffscreen: 0
  m_SkinnedMotionVectors: 1
  m_Mesh: {fileID: 4300002, guid: f96dc206890c2674e9437bbb6ed3e51e, type: 3}
  m_Bones:
  - {fileID: 4766826801590490}
  - {fileID: 4956325745666034}
  - {fileID: 4291945570328168}
  - {fileID: 4872047508413664}
  - {fileID: 4887312498255672}
  - {fileID: 4577702594399496}
  - {fileID: 4122673831598796}
  - {fileID: 4833929316087028}
  - {fileID: 4988442137860372}
  - {fileID: 4603984175290826}
  - {fileID: 4952008788882620}
  - {fileID: 4799925133114060}
  - {fileID: 4807406655256398}
  - {fileID: 4398813755127916}
  - {fileID: 4522214491059624}
  - {fileID: 4796402379576846}
  - {fileID: 4685558219281446}
  - {fileID: 4559879419965350}
  - {fileID: 4497061634890608}
  - {fileID: 4347214787823164}
  - {fileID: 4527866832172522}
  - {fileID: 4656722525556516}
  - {fileID: 4565971992097952}
  - {fileID: 4857244036957826}
  - {fileID: 4084553855544652}
  - {fileID: 4263307523499880}
  - {fileID: 4648014610390922}
  - {fileID: 4903793455435334}
  - {fileID: 4331743695571982}
  - {fileID: 4294356049857288}
  - {fileID: 4526325785945088}
  - {fileID: 4424287033412404}
  - {fileID: 4868750113579796}
  - {fileID: 4706954140910914}
  - {fileID: 4322042741554528}
  - {fileID: 4787441161204360}
  - {fileID: 4807386105601626}
  - {fileID: 4522391792147360}
  - {fileID: 4536580012035218}
  - {fileID: 4547460994969744}
  - {fileID: 4355092651585338}
  - {fileID: 4476811257753096}
  - {fileID: 4616699513113946}
  - {fileID: 4993458967884418}
  - {fileID: 4002633589724556}
  - {fileID: 4190584015352704}
  - {fileID: 4986639648265812}
  - {fileID: 4412835098885438}
  - {fileID: 4955185464220036}
  - {fileID: 4336612848905364}
  - {fileID: 4184916910831326}
  - {fileID: 4769551029154992}
  - {fileID: 4248498220926234}
  - {fileID: 4941584439850216}
  - {fileID: 4921582525885794}
  - {fileID: 4543517793979338}
  - {fileID: 4691536188215798}
  - {fileID: 4256688343904618}
  - {fileID: 4918082559663426}
  - {fileID: 4249726016020052}
  - {fileID: 4628344113875954}
  - {fileID: 4108872171928842}
  - {fileID: 4708277932787568}
  - {fileID: 4305073598409232}
  - {fileID: 4659754892028920}
  m_BlendShapeWeights: []
  m_RootBone: {fileID: 4766826801590490}
  m_AABB:
    m_Center: {x: 0.01278609, y: -0.14623943, z: 0.002249837}
    m_Extent: {x: 0.6004407, y: 0.9377135, z: 0.4459209}
  m_DirtyAABB: 0
