%YAML 1.1
%TAG !u! tag:unity3d.com,2011:
--- !u!1001 &100100000
Prefab:
  m_ObjectHideFlags: 1
  serializedVersion: 2
  m_Modification:
    m_TransformParent: {fileID: 0}
    m_Modifications: []
    m_RemovedComponents: []
  m_SourcePrefab: {fileID: 0}
  m_RootGameObject: {fileID: 1638606172525276}
  m_IsPrefabAsset: 1
--- !u!1 &1003995328531194
GameObject:
  m_ObjectHideFlags: 1
  m_CorrespondingSourceObject: {fileID: 0}
  m_PrefabInternal: {fileID: 100100000}
  serializedVersion: 6
  m_Component:
  - component: {fileID: 4790412114383308}
  m_Layer: 0
  m_Name: Mutant:RightHandPinky3
  m_TagString: Untagged
  m_Icon: {fileID: 0}
  m_NavMeshLayer: 0
  m_StaticEditorFlags: 0
  m_IsActive: 1
--- !u!1 &1031945162822664
GameObject:
  m_ObjectHideFlags: 1
  m_CorrespondingSourceObject: {fileID: 0}
  m_PrefabInternal: {fileID: 100100000}
  serializedVersion: 6
  m_Component:
  - component: {fileID: 4501910500546940}
  m_Layer: 0
  m_Name: Mutant:Hips
  m_TagString: Untagged
  m_Icon: {fileID: 0}
  m_NavMeshLayer: 0
  m_StaticEditorFlags: 0
  m_IsActive: 1
--- !u!1 &1094662499373006
GameObject:
  m_ObjectHideFlags: 1
  m_CorrespondingSourceObject: {fileID: 0}
  m_PrefabInternal: {fileID: 100100000}
  serializedVersion: 6
  m_Component:
  - component: {fileID: 4138468243398248}
  m_Layer: 0
  m_Name: Mutant:Neck
  m_TagString: Untagged
  m_Icon: {fileID: 0}
  m_NavMeshLayer: 0
  m_StaticEditorFlags: 0
  m_IsActive: 1
--- !u!1 &1141511141708222
GameObject:
  m_ObjectHideFlags: 1
  m_CorrespondingSourceObject: {fileID: 0}
  m_PrefabInternal: {fileID: 100100000}
  serializedVersion: 6
  m_Component:
  - component: {fileID: 4092494397172412}
  m_Layer: 0
  m_Name: Mutant:RightHandIndex4
  m_TagString: Untagged
  m_Icon: {fileID: 0}
  m_NavMeshLayer: 0
  m_StaticEditorFlags: 0
  m_IsActive: 1
--- !u!1 &1150040797886890
GameObject:
  m_ObjectHideFlags: 1
  m_CorrespondingSourceObject: {fileID: 0}
  m_PrefabInternal: {fileID: 100100000}
  serializedVersion: 6
  m_Component:
  - component: {fileID: 4292746263816382}
  m_Layer: 0
  m_Name: Mutant:LeftToeBase
  m_TagString: Untagged
  m_Icon: {fileID: 0}
  m_NavMeshLayer: 0
  m_StaticEditorFlags: 0
  m_IsActive: 1
--- !u!1 &1180501397857340
GameObject:
  m_ObjectHideFlags: 1
  m_CorrespondingSourceObject: {fileID: 0}
  m_PrefabInternal: {fileID: 100100000}
  serializedVersion: 6
  m_Component:
  - component: {fileID: 4926656969644384}
  m_Layer: 0
  m_Name: Mutant:Spine2
  m_TagString: Untagged
  m_Icon: {fileID: 0}
  m_NavMeshLayer: 0
  m_StaticEditorFlags: 0
  m_IsActive: 1
--- !u!1 &1205703077999876
GameObject:
  m_ObjectHideFlags: 1
  m_CorrespondingSourceObject: {fileID: 0}
  m_PrefabInternal: {fileID: 100100000}
  serializedVersion: 6
  m_Component:
  - component: {fileID: 4341667778077730}
  m_Layer: 0
  m_Name: Mutant:RightHandThumb4
  m_TagString: Untagged
  m_Icon: {fileID: 0}
  m_NavMeshLayer: 0
  m_StaticEditorFlags: 0
  m_IsActive: 1
--- !u!1 &1266834772528012
GameObject:
  m_ObjectHideFlags: 1
  m_CorrespondingSourceObject: {fileID: 0}
  m_PrefabInternal: {fileID: 100100000}
  serializedVersion: 6
  m_Component:
  - component: {fileID: 4509125787331910}
  m_Layer: 0
  m_Name: Mutant:RightShoulder
  m_TagString: Untagged
  m_Icon: {fileID: 0}
  m_NavMeshLayer: 0
  m_StaticEditorFlags: 0
  m_IsActive: 1
--- !u!1 &1286967695101376
GameObject:
  m_ObjectHideFlags: 1
  m_CorrespondingSourceObject: {fileID: 0}
  m_PrefabInternal: {fileID: 100100000}
  serializedVersion: 6
  m_Component:
  - component: {fileID: 4541472852266706}
  m_Layer: 0
  m_Name: Mutant:RightToe_End
  m_TagString: Untagged
  m_Icon: {fileID: 0}
  m_NavMeshLayer: 0
  m_StaticEditorFlags: 0
  m_IsActive: 1
--- !u!1 &1300084377187008
GameObject:
  m_ObjectHideFlags: 1
  m_CorrespondingSourceObject: {fileID: 0}
  m_PrefabInternal: {fileID: 100100000}
  serializedVersion: 6
  m_Component:
  - component: {fileID: 4668575175025074}
  m_Layer: 0
  m_Name: Mutant:Spine1
  m_TagString: Untagged
  m_Icon: {fileID: 0}
  m_NavMeshLayer: 0
  m_StaticEditorFlags: 0
  m_IsActive: 1
--- !u!1 &1340552656054248
GameObject:
  m_ObjectHideFlags: 0
  m_CorrespondingSourceObject: {fileID: 0}
  m_PrefabInternal: {fileID: 100100000}
  serializedVersion: 6
  m_Component:
  - component: {fileID: 4472455744106020}
  - component: {fileID: 65612235399828900}
  - component: {fileID: 114756667367525514}
  m_Layer: 9
  m_Name: AttackBox
  m_TagString: Untagged
  m_Icon: {fileID: 0}
  m_NavMeshLayer: 0
  m_StaticEditorFlags: 0
  m_IsActive: 0
--- !u!1 &1340801927560574
GameObject:
  m_ObjectHideFlags: 1
  m_CorrespondingSourceObject: {fileID: 0}
  m_PrefabInternal: {fileID: 100100000}
  serializedVersion: 6
  m_Component:
  - component: {fileID: 4065119207094226}
  m_Layer: 0
  m_Name: Mutant:LeftHand
  m_TagString: Untagged
  m_Icon: {fileID: 0}
  m_NavMeshLayer: 0
  m_StaticEditorFlags: 0
  m_IsActive: 1
--- !u!1 &1354513795305352
GameObject:
  m_ObjectHideFlags: 1
  m_CorrespondingSourceObject: {fileID: 0}
  m_PrefabInternal: {fileID: 100100000}
  serializedVersion: 6
  m_Component:
  - component: {fileID: 4632736677118486}
  m_Layer: 0
  m_Name: Mutant:RightArm
  m_TagString: Untagged
  m_Icon: {fileID: 0}
  m_NavMeshLayer: 0
  m_StaticEditorFlags: 0
  m_IsActive: 1
--- !u!1 &1364637305755638
GameObject:
  m_ObjectHideFlags: 1
  m_CorrespondingSourceObject: {fileID: 0}
  m_PrefabInternal: {fileID: 100100000}
  serializedVersion: 6
  m_Component:
  - component: {fileID: 4999472732415286}
  m_Layer: 0
  m_Name: Mutant:RightHandIndex3
  m_TagString: Untagged
  m_Icon: {fileID: 0}
  m_NavMeshLayer: 0
  m_StaticEditorFlags: 0
  m_IsActive: 1
--- !u!1 &1369915434186940
GameObject:
  m_ObjectHideFlags: 0
  m_CorrespondingSourceObject: {fileID: 0}
  m_PrefabInternal: {fileID: 100100000}
  serializedVersion: 6
  m_Component:
  - component: {fileID: 4127026305616976}
  - component: {fileID: 95526037890199984}
  m_Layer: 0
  m_Name: Model
  m_TagString: Untagged
  m_Icon: {fileID: 0}
  m_NavMeshLayer: 0
  m_StaticEditorFlags: 0
  m_IsActive: 1
--- !u!1 &1388602308253296
GameObject:
  m_ObjectHideFlags: 1
  m_CorrespondingSourceObject: {fileID: 0}
  m_PrefabInternal: {fileID: 100100000}
  serializedVersion: 6
  m_Component:
  - component: {fileID: 4526607098409896}
  m_Layer: 0
  m_Name: Mutant:LeftToe_End
  m_TagString: Untagged
  m_Icon: {fileID: 0}
  m_NavMeshLayer: 0
  m_StaticEditorFlags: 0
  m_IsActive: 1
--- !u!1 &1391637950578426
GameObject:
  m_ObjectHideFlags: 1
  m_CorrespondingSourceObject: {fileID: 0}
  m_PrefabInternal: {fileID: 100100000}
  serializedVersion: 6
  m_Component:
  - component: {fileID: 4180932162223362}
  m_Layer: 0
  m_Name: Mutant:Spine
  m_TagString: Untagged
  m_Icon: {fileID: 0}
  m_NavMeshLayer: 0
  m_StaticEditorFlags: 0
  m_IsActive: 1
--- !u!1 &1399725562010264
GameObject:
  m_ObjectHideFlags: 1
  m_CorrespondingSourceObject: {fileID: 0}
  m_PrefabInternal: {fileID: 100100000}
  serializedVersion: 6
  m_Component:
  - component: {fileID: 4043083589709838}
  m_Layer: 0
  m_Name: Mutant:RightLeg
  m_TagString: Untagged
  m_Icon: {fileID: 0}
  m_NavMeshLayer: 0
  m_StaticEditorFlags: 0
  m_IsActive: 1
--- !u!1 &1466519188431070
GameObject:
  m_ObjectHideFlags: 1
  m_CorrespondingSourceObject: {fileID: 0}
  m_PrefabInternal: {fileID: 100100000}
  serializedVersion: 6
  m_Component:
  - component: {fileID: 4130383180945736}
  m_Layer: 0
  m_Name: Mutant:Head
  m_TagString: Untagged
  m_Icon: {fileID: 0}
  m_NavMeshLayer: 0
  m_StaticEditorFlags: 0
  m_IsActive: 1
--- !u!1 &1533081053358400
GameObject:
  m_ObjectHideFlags: 1
  m_CorrespondingSourceObject: {fileID: 0}
  m_PrefabInternal: {fileID: 100100000}
  serializedVersion: 6
  m_Component:
  - component: {fileID: 4540826564868084}
  m_Layer: 0
  m_Name: Mutant:RightUpLeg
  m_TagString: Untagged
  m_Icon: {fileID: 0}
  m_NavMeshLayer: 0
  m_StaticEditorFlags: 0
  m_IsActive: 1
--- !u!1 &1597840080150730
GameObject:
  m_ObjectHideFlags: 1
  m_CorrespondingSourceObject: {fileID: 0}
  m_PrefabInternal: {fileID: 100100000}
  serializedVersion: 6
  m_Component:
  - component: {fileID: 4369722311131964}
  m_Layer: 0
  m_Name: Mutant:RightHandThumb3
  m_TagString: Untagged
  m_Icon: {fileID: 0}
  m_NavMeshLayer: 0
  m_StaticEditorFlags: 0
  m_IsActive: 1
--- !u!1 &1601554161008430
GameObject:
  m_ObjectHideFlags: 1
  m_CorrespondingSourceObject: {fileID: 0}
  m_PrefabInternal: {fileID: 100100000}
  serializedVersion: 6
  m_Component:
  - component: {fileID: 4781172566176014}
  m_Layer: 0
  m_Name: Mutant:RightHandPinky2
  m_TagString: Untagged
  m_Icon: {fileID: 0}
  m_NavMeshLayer: 0
  m_StaticEditorFlags: 0
  m_IsActive: 1
--- !u!1 &1609475470810514
GameObject:
  m_ObjectHideFlags: 1
  m_CorrespondingSourceObject: {fileID: 0}
  m_PrefabInternal: {fileID: 100100000}
  serializedVersion: 6
  m_Component:
  - component: {fileID: 4601102030446944}
  m_Layer: 0
  m_Name: Mutant:RightHand
  m_TagString: Untagged
  m_Icon: {fileID: 0}
  m_NavMeshLayer: 0
  m_StaticEditorFlags: 0
  m_IsActive: 1
--- !u!1 &1613904889776780
GameObject:
  m_ObjectHideFlags: 1
  m_CorrespondingSourceObject: {fileID: 0}
  m_PrefabInternal: {fileID: 100100000}
  serializedVersion: 6
  m_Component:
  - component: {fileID: 4683797736836394}
  m_Layer: 0
  m_Name: Mutant:RightHandThumb1
  m_TagString: Untagged
  m_Icon: {fileID: 0}
  m_NavMeshLayer: 0
  m_StaticEditorFlags: 0
  m_IsActive: 1
--- !u!1 &1638606172525276
GameObject:
  m_ObjectHideFlags: 0
  m_CorrespondingSourceObject: {fileID: 0}
  m_PrefabInternal: {fileID: 100100000}
  serializedVersion: 6
  m_Component:
  - component: {fileID: 4827361482485418}
  - component: {fileID: 195429942209958346}
  - component: {fileID: 114350930301355650}
  - component: {fileID: 65821590907433252}
  m_Layer: 9
  m_Name: Mutant
  m_TagString: Enemy
  m_Icon: {fileID: 0}
  m_NavMeshLayer: 0
  m_StaticEditorFlags: 0
  m_IsActive: 1
--- !u!1 &1639359725498038
GameObject:
  m_ObjectHideFlags: 1
  m_CorrespondingSourceObject: {fileID: 0}
  m_PrefabInternal: {fileID: 100100000}
  serializedVersion: 6
  m_Component:
  - component: {fileID: 4088071069367780}
  m_Layer: 0
  m_Name: Mutant:LeftFoot
  m_TagString: Untagged
  m_Icon: {fileID: 0}
  m_NavMeshLayer: 0
  m_StaticEditorFlags: 0
  m_IsActive: 1
--- !u!1 &1665200586993968
GameObject:
  m_ObjectHideFlags: 1
  m_CorrespondingSourceObject: {fileID: 0}
  m_PrefabInternal: {fileID: 100100000}
  serializedVersion: 6
  m_Component:
  - component: {fileID: 4118244154014084}
  m_Layer: 0
  m_Name: Mutant:LeftUpLeg
  m_TagString: Untagged
  m_Icon: {fileID: 0}
  m_NavMeshLayer: 0
  m_StaticEditorFlags: 0
  m_IsActive: 1
--- !u!1 &1667664483138364
GameObject:
  m_ObjectHideFlags: 1
  m_CorrespondingSourceObject: {fileID: 0}
  m_PrefabInternal: {fileID: 100100000}
  serializedVersion: 6
  m_Component:
  - component: {fileID: 4016733310560992}
  m_Layer: 0
  m_Name: Mutant:RightForeArm
  m_TagString: Untagged
  m_Icon: {fileID: 0}
  m_NavMeshLayer: 0
  m_StaticEditorFlags: 0
  m_IsActive: 1
--- !u!1 &1729723771264072
GameObject:
  m_ObjectHideFlags: 1
  m_CorrespondingSourceObject: {fileID: 0}
  m_PrefabInternal: {fileID: 100100000}
  serializedVersion: 6
  m_Component:
  - component: {fileID: 4396612511790902}
  m_Layer: 0
  m_Name: Mutant:RightHandPinky4
  m_TagString: Untagged
  m_Icon: {fileID: 0}
  m_NavMeshLayer: 0
  m_StaticEditorFlags: 0
  m_IsActive: 1
--- !u!1 &1733234353270100
GameObject:
  m_ObjectHideFlags: 0
  m_CorrespondingSourceObject: {fileID: 0}
  m_PrefabInternal: {fileID: 100100000}
  serializedVersion: 6
  m_Component:
  - component: {fileID: 4662343727262846}
  - component: {fileID: 114459361979228424}
  m_Layer: 9
  m_Name: Sound
  m_TagString: Untagged
  m_Icon: {fileID: 0}
  m_NavMeshLayer: 0
  m_StaticEditorFlags: 0
  m_IsActive: 1
--- !u!1 &1766983223948292
GameObject:
  m_ObjectHideFlags: 1
  m_CorrespondingSourceObject: {fileID: 0}
  m_PrefabInternal: {fileID: 100100000}
  serializedVersion: 6
  m_Component:
  - component: {fileID: 4776602757199920}
  m_Layer: 0
  m_Name: Mutant:RightHandPinky1
  m_TagString: Untagged
  m_Icon: {fileID: 0}
  m_NavMeshLayer: 0
  m_StaticEditorFlags: 0
  m_IsActive: 1
--- !u!1 &1795632343998878
GameObject:
  m_ObjectHideFlags: 1
  m_CorrespondingSourceObject: {fileID: 0}
  m_PrefabInternal: {fileID: 100100000}
  serializedVersion: 6
  m_Component:
  - component: {fileID: 4795097829743394}
  m_Layer: 0
  m_Name: Mutant:HeadTop_End
  m_TagString: Untagged
  m_Icon: {fileID: 0}
  m_NavMeshLayer: 0
  m_StaticEditorFlags: 0
  m_IsActive: 1
--- !u!1 &1813841323191066
GameObject:
  m_ObjectHideFlags: 1
  m_CorrespondingSourceObject: {fileID: 0}
  m_PrefabInternal: {fileID: 100100000}
  serializedVersion: 6
  m_Component:
  - component: {fileID: 4358985607843602}
  m_Layer: 0
  m_Name: Mutant:RightToeBase
  m_TagString: Untagged
  m_Icon: {fileID: 0}
  m_NavMeshLayer: 0
  m_StaticEditorFlags: 0
  m_IsActive: 1
--- !u!1 &1831443492661802
GameObject:
  m_ObjectHideFlags: 1
  m_CorrespondingSourceObject: {fileID: 0}
  m_PrefabInternal: {fileID: 100100000}
  serializedVersion: 6
  m_Component:
  - component: {fileID: 4808141490434890}
  m_Layer: 0
  m_Name: Mutant:LeftShoulder
  m_TagString: Untagged
  m_Icon: {fileID: 0}
  m_NavMeshLayer: 0
  m_StaticEditorFlags: 0
  m_IsActive: 1
--- !u!1 &1840779743916314
GameObject:
  m_ObjectHideFlags: 1
  m_CorrespondingSourceObject: {fileID: 0}
  m_PrefabInternal: {fileID: 100100000}
  serializedVersion: 6
  m_Component:
  - component: {fileID: 4273841285773740}
  m_Layer: 0
  m_Name: Mutant:RightFoot
  m_TagString: Untagged
  m_Icon: {fileID: 0}
  m_NavMeshLayer: 0
  m_StaticEditorFlags: 0
  m_IsActive: 1
--- !u!1 &1860107193415622
GameObject:
  m_ObjectHideFlags: 1
  m_CorrespondingSourceObject: {fileID: 0}
  m_PrefabInternal: {fileID: 100100000}
  serializedVersion: 6
  m_Component:
  - component: {fileID: 4071242199951124}
  m_Layer: 0
  m_Name: Mutant:RightHandIndex2
  m_TagString: Untagged
  m_Icon: {fileID: 0}
  m_NavMeshLayer: 0
  m_StaticEditorFlags: 0
  m_IsActive: 1
--- !u!1 &1864635484773086
GameObject:
  m_ObjectHideFlags: 1
  m_CorrespondingSourceObject: {fileID: 0}
  m_PrefabInternal: {fileID: 100100000}
  serializedVersion: 6
  m_Component:
  - component: {fileID: 4127897036579518}
  m_Layer: 0
  m_Name: Mutant:LeftForeArm
  m_TagString: Untagged
  m_Icon: {fileID: 0}
  m_NavMeshLayer: 0
  m_StaticEditorFlags: 0
  m_IsActive: 1
--- !u!1 &1882742917771106
GameObject:
  m_ObjectHideFlags: 1
  m_CorrespondingSourceObject: {fileID: 0}
  m_PrefabInternal: {fileID: 100100000}
  serializedVersion: 6
  m_Component:
  - component: {fileID: 4921695309307588}
  m_Layer: 0
  m_Name: Mutant:LeftLeg
  m_TagString: Untagged
  m_Icon: {fileID: 0}
  m_NavMeshLayer: 0
  m_StaticEditorFlags: 0
  m_IsActive: 1
--- !u!1 &1895559202804228
GameObject:
  m_ObjectHideFlags: 1
  m_CorrespondingSourceObject: {fileID: 0}
  m_PrefabInternal: {fileID: 100100000}
  serializedVersion: 6
  m_Component:
  - component: {fileID: 4193099108860864}
  m_Layer: 0
  m_Name: Mutant:RightHandIndex1
  m_TagString: Untagged
  m_Icon: {fileID: 0}
  m_NavMeshLayer: 0
  m_StaticEditorFlags: 0
  m_IsActive: 1
--- !u!1 &1905010170613066
GameObject:
  m_ObjectHideFlags: 1
  m_CorrespondingSourceObject: {fileID: 0}
  m_PrefabInternal: {fileID: 100100000}
  serializedVersion: 6
  m_Component:
  - component: {fileID: 4127833565188920}
  m_Layer: 0
  m_Name: Mutant:LeftArm
  m_TagString: Untagged
  m_Icon: {fileID: 0}
  m_NavMeshLayer: 0
  m_StaticEditorFlags: 0
  m_IsActive: 1
--- !u!1 &1947710339771320
GameObject:
  m_ObjectHideFlags: 1
  m_CorrespondingSourceObject: {fileID: 0}
  m_PrefabInternal: {fileID: 100100000}
  serializedVersion: 6
  m_Component:
  - component: {fileID: 4635731600047956}
  - component: {fileID: 137499536138445808}
  m_Layer: 0
  m_Name: MutantMesh
  m_TagString: Untagged
  m_Icon: {fileID: 0}
  m_NavMeshLayer: 0
  m_StaticEditorFlags: 0
  m_IsActive: 1
--- !u!1 &1989932092801742
GameObject:
  m_ObjectHideFlags: 1
  m_CorrespondingSourceObject: {fileID: 0}
  m_PrefabInternal: {fileID: 100100000}
  serializedVersion: 6
  m_Component:
  - component: {fileID: 4954151633737644}
  m_Layer: 0
  m_Name: Mutant:RightHandThumb2
  m_TagString: Untagged
  m_Icon: {fileID: 0}
  m_NavMeshLayer: 0
  m_StaticEditorFlags: 0
  m_IsActive: 1
--- !u!4 &4016733310560992
Transform:
  m_ObjectHideFlags: 1
  m_CorrespondingSourceObject: {fileID: 0}
  m_PrefabInternal: {fileID: 100100000}
  m_GameObject: {fileID: 1667664483138364}
  m_LocalRotation: {x: -0.00000047267608, y: 0.027629191, z: -0.000009359054, w: 0.9996183}
  m_LocalPosition: {x: 0.26374766, y: -0.0000010168246, z: -0.014590643}
  m_LocalScale: {x: 1, y: 1, z: 1}
  m_Children:
  - {fileID: 4601102030446944}
  m_Father: {fileID: 4632736677118486}
  m_RootOrder: 0
  m_LocalEulerAnglesHint: {x: 0, y: 0, z: 0}
--- !u!4 &4043083589709838
Transform:
  m_ObjectHideFlags: 1
  m_CorrespondingSourceObject: {fileID: 0}
  m_PrefabInternal: {fileID: 100100000}
  m_GameObject: {fileID: 1399725562010264}
  m_LocalRotation: {x: 0.016013894, y: -0.0000000144167505, z: -8.7846747e-10, w: 0.9998718}
  m_LocalPosition: {x: 0.00000026873994, y: -0.35919124, z: 0.014814402}
  m_LocalScale: {x: 1, y: 1, z: 1}
  m_Children:
  - {fileID: 4273841285773740}
  m_Father: {fileID: 4540826564868084}
  m_RootOrder: 0
  m_LocalEulerAnglesHint: {x: 0, y: 0, z: 0}
--- !u!4 &4065119207094226
Transform:
  m_ObjectHideFlags: 1
  m_CorrespondingSourceObject: {fileID: 0}
  m_PrefabInternal: {fileID: 100100000}
  m_GameObject: {fileID: 1340801927560574}
  m_LocalRotation: {x: 0, y: -0, z: -0, w: 1}
  m_LocalPosition: {x: -0.26753432, y: 0.000003572013, z: 0.00000016050032}
  m_LocalScale: {x: 1, y: 1, z: 1}
  m_Children: []
  m_Father: {fileID: 4127897036579518}
  m_RootOrder: 0
  m_LocalEulerAnglesHint: {x: 0, y: 0, z: 0}
--- !u!4 &4071242199951124
Transform:
  m_ObjectHideFlags: 1
  m_CorrespondingSourceObject: {fileID: 0}
  m_PrefabInternal: {fileID: 100100000}
  m_GameObject: {fileID: 1860107193415622}
  m_LocalRotation: {x: -0.000000052482076, y: -0.000000014832757, z: 0.0000000014260302,
    w: 1}
  m_LocalPosition: {x: 0.07514379, y: 7.949182e-11, z: -1.8394264e-12}
  m_LocalScale: {x: 1, y: 1, z: 1}
  m_Children:
  - {fileID: 4999472732415286}
  m_Father: {fileID: 4193099108860864}
  m_RootOrder: 0
  m_LocalEulerAnglesHint: {x: 0, y: 0, z: 0}
--- !u!4 &4088071069367780
Transform:
  m_ObjectHideFlags: 1
  m_CorrespondingSourceObject: {fileID: 0}
  m_PrefabInternal: {fileID: 100100000}
  m_GameObject: {fileID: 1639359725498038}
  m_LocalRotation: {x: -0.01658811, y: 3.1907357e-10, z: -0.000000004457116, w: 0.99986243}
  m_LocalPosition: {x: -6.217249e-16, y: -0.34307396, z: -0.026467437}
  m_LocalScale: {x: 1, y: 1, z: 1}
  m_Children:
  - {fileID: 4292746263816382}
  m_Father: {fileID: 4921695309307588}
  m_RootOrder: 0
  m_LocalEulerAnglesHint: {x: 0, y: 0, z: 0}
--- !u!4 &4092494397172412
Transform:
  m_ObjectHideFlags: 1
  m_CorrespondingSourceObject: {fileID: 0}
  m_PrefabInternal: {fileID: 100100000}
  m_GameObject: {fileID: 1141511141708222}
  m_LocalRotation: {x: 0, y: -0, z: -0, w: 1}
  m_LocalPosition: {x: 0.067387976, y: -0.0061245295, z: 0.0020617372}
  m_LocalScale: {x: 1, y: 1, z: 1}
  m_Children: []
  m_Father: {fileID: 4999472732415286}
  m_RootOrder: 0
  m_LocalEulerAnglesHint: {x: 0, y: 0, z: 0}
--- !u!4 &4118244154014084
Transform:
  m_ObjectHideFlags: 1
  m_CorrespondingSourceObject: {fileID: 0}
  m_PrefabInternal: {fileID: 100100000}
  m_GameObject: {fileID: 1665200586993968}
  m_LocalRotation: {x: 0.00057524006, y: 6.7506833e-10, z: -0.000000027149706, w: 0.9999998}
  m_LocalPosition: {x: -0.13655972, y: -0.07135242, z: 0.0012969637}
  m_LocalScale: {x: 1, y: 1, z: 1}
  m_Children:
  - {fileID: 4921695309307588}
  m_Father: {fileID: 4501910500546940}
  m_RootOrder: 0
  m_LocalEulerAnglesHint: {x: 0, y: 0, z: 0}
--- !u!4 &4127026305616976
Transform:
  m_ObjectHideFlags: 1
  m_CorrespondingSourceObject: {fileID: 0}
  m_PrefabInternal: {fileID: 100100000}
  m_GameObject: {fileID: 1369915434186940}
  m_LocalRotation: {x: 0, y: 0, z: 0, w: 1}
  m_LocalPosition: {x: 0, y: -0.08, z: 0}
  m_LocalScale: {x: 1, y: 1, z: 1}
  m_Children:
  - {fileID: 4501910500546940}
  - {fileID: 4635731600047956}
  m_Father: {fileID: 4827361482485418}
  m_RootOrder: 2
  m_LocalEulerAnglesHint: {x: 0, y: 0, z: 0}
--- !u!4 &4127833565188920
Transform:
  m_ObjectHideFlags: 1
  m_CorrespondingSourceObject: {fileID: 0}
  m_PrefabInternal: {fileID: 100100000}
  m_GameObject: {fileID: 1905010170613066}
  m_LocalRotation: {x: 0.00000013702453, y: 0.027629187, z: -0.0000024086785, w: 0.9996183}
  m_LocalPosition: {x: -0.1789299, y: 0.020660799, z: -0.009229294}
  m_LocalScale: {x: 1, y: 1, z: 1}
  m_Children:
  - {fileID: 4127897036579518}
  m_Father: {fileID: 4808141490434890}
  m_RootOrder: 0
  m_LocalEulerAnglesHint: {x: 0, y: 0, z: 0}
--- !u!4 &4127897036579518
Transform:
  m_ObjectHideFlags: 1
  m_CorrespondingSourceObject: {fileID: 0}
  m_PrefabInternal: {fileID: 100100000}
  m_GameObject: {fileID: 1864635484773086}
  m_LocalRotation: {x: -0.00000047267608, y: -0.027629191, z: 0.000009359054, w: 0.9996183}
  m_LocalPosition: {x: -0.26374766, y: -0.0000010168246, z: -0.014590643}
  m_LocalScale: {x: 1, y: 1, z: 1}
  m_Children:
  - {fileID: 4065119207094226}
  m_Father: {fileID: 4127833565188920}
  m_RootOrder: 0
  m_LocalEulerAnglesHint: {x: 0, y: 0, z: 0}
--- !u!4 &4130383180945736
Transform:
  m_ObjectHideFlags: 1
  m_CorrespondingSourceObject: {fileID: 0}
  m_PrefabInternal: {fileID: 100100000}
  m_GameObject: {fileID: 1466519188431070}
  m_LocalRotation: {x: 0, y: -0, z: -2.8129217e-37, w: 1}
  m_LocalPosition: {x: 2.5775701e-11, y: 0.08817325, z: 0.061026156}
  m_LocalScale: {x: 1, y: 1, z: 1}
  m_Children:
  - {fileID: 4795097829743394}
  m_Father: {fileID: 4138468243398248}
  m_RootOrder: 0
  m_LocalEulerAnglesHint: {x: 0, y: 0, z: 0}
--- !u!4 &4138468243398248
Transform:
  m_ObjectHideFlags: 1
  m_CorrespondingSourceObject: {fileID: 0}
  m_PrefabInternal: {fileID: 100100000}
  m_GameObject: {fileID: 1094662499373006}
  m_LocalRotation: {x: 0, y: -0, z: -2.8129217e-37, w: 1}
  m_LocalPosition: {x: 0.00011927109, y: 0.24670659, z: 0.020281008}
  m_LocalScale: {x: 1, y: 1, z: 1}
  m_Children:
  - {fileID: 4130383180945736}
  m_Father: {fileID: 4926656969644384}
  m_RootOrder: 1
  m_LocalEulerAnglesHint: {x: 0, y: 0, z: 0}
--- !u!4 &4180932162223362
Transform:
  m_ObjectHideFlags: 1
  m_CorrespondingSourceObject: {fileID: 0}
  m_PrefabInternal: {fileID: 100100000}
  m_GameObject: {fileID: 1391637950578426}
  m_LocalRotation: {x: 4.5838826e-17, y: 0.0000000012282859, z: -0.000000029235924,
    w: 1}
  m_LocalPosition: {x: 2.997602e-17, y: 0.107638575, z: 0.012435166}
  m_LocalScale: {x: 1, y: 1, z: 1}
  m_Children:
  - {fileID: 4668575175025074}
  m_Father: {fileID: 4501910500546940}
  m_RootOrder: 2
  m_LocalEulerAnglesHint: {x: 0, y: 0, z: 0}
--- !u!4 &4193099108860864
Transform:
  m_ObjectHideFlags: 1
  m_CorrespondingSourceObject: {fileID: 0}
  m_PrefabInternal: {fileID: 100100000}
  m_GameObject: {fileID: 1895559202804228}
  m_LocalRotation: {x: 0.000000022958627, y: -0.21712919, z: 0.037129905, w: 0.97543645}
  m_LocalPosition: {x: 0.18447754, y: 0.014798898, z: 0.08654249}
  m_LocalScale: {x: 1, y: 1, z: 1}
  m_Children:
  - {fileID: 4071242199951124}
  m_Father: {fileID: 4601102030446944}
  m_RootOrder: 0
  m_LocalEulerAnglesHint: {x: 0, y: 0, z: 0}
--- !u!4 &4273841285773740
Transform:
  m_ObjectHideFlags: 1
  m_CorrespondingSourceObject: {fileID: 0}
  m_PrefabInternal: {fileID: 100100000}
  m_GameObject: {fileID: 1840779743916314}
  m_LocalRotation: {x: -0.016589137, y: 3.8184896e-11, z: -7.2779516e-10, w: 0.99986243}
  m_LocalPosition: {x: 4.2632563e-16, y: -0.34307396, z: -0.026467437}
  m_LocalScale: {x: 1, y: 1, z: 1}
  m_Children:
  - {fileID: 4358985607843602}
  m_Father: {fileID: 4043083589709838}
  m_RootOrder: 0
  m_LocalEulerAnglesHint: {x: 0, y: 0, z: 0}
--- !u!4 &4292746263816382
Transform:
  m_ObjectHideFlags: 1
  m_CorrespondingSourceObject: {fileID: 0}
  m_PrefabInternal: {fileID: 100100000}
  m_GameObject: {fileID: 1150040797886890}
  m_LocalRotation: {x: 0.000000009609493, y: 1.1699441e-10, z: 9.3114444e-10, w: 1}
  m_LocalPosition: {x: -4.796163e-16, y: -0.151931, z: 0.14911814}
  m_LocalScale: {x: 1, y: 1, z: 1}
  m_Children:
  - {fileID: 4526607098409896}
  m_Father: {fileID: 4088071069367780}
  m_RootOrder: 0
  m_LocalEulerAnglesHint: {x: 0, y: 0, z: 0}
--- !u!4 &4341667778077730
Transform:
  m_ObjectHideFlags: 1
  m_CorrespondingSourceObject: {fileID: 0}
  m_PrefabInternal: {fileID: 100100000}
  m_GameObject: {fileID: 1205703077999876}
  m_LocalRotation: {x: 0, y: -0, z: -0, w: 1}
  m_LocalPosition: {x: 0.071306534, y: -0.020337505, z: 0.030696353}
  m_LocalScale: {x: 1, y: 1, z: 1}
  m_Children: []
  m_Father: {fileID: 4369722311131964}
  m_RootOrder: 0
  m_LocalEulerAnglesHint: {x: 0, y: 0, z: 0}
--- !u!4 &4358985607843602
Transform:
  m_ObjectHideFlags: 1
  m_CorrespondingSourceObject: {fileID: 0}
  m_PrefabInternal: {fileID: 100100000}
  m_GameObject: {fileID: 1813841323191066}
  m_LocalRotation: {x: 0.000000013334783, y: 6.5310424e-11, z: -1.341465e-13, w: 1}
  m_LocalPosition: {x: 6.5725204e-16, y: -0.151931, z: 0.14911814}
  m_LocalScale: {x: 1, y: 1, z: 1}
  m_Children:
  - {fileID: 4541472852266706}
  m_Father: {fileID: 4273841285773740}
  m_RootOrder: 0
  m_LocalEulerAnglesHint: {x: 0, y: 0, z: 0}
--- !u!4 &4369722311131964
Transform:
  m_ObjectHideFlags: 1
  m_CorrespondingSourceObject: {fileID: 0}
  m_PrefabInternal: {fileID: 100100000}
  m_GameObject: {fileID: 1597840080150730}
  m_LocalRotation: {x: 0.004600199, y: -0.06557001, z: -0.054130483, w: 0.9963681}
  m_LocalPosition: {x: 0.06784767, y: -0.029669004, z: 0.041705266}
  m_LocalScale: {x: 1, y: 1, z: 1}
  m_Children:
  - {fileID: 4341667778077730}
  m_Father: {fileID: 4954151633737644}
  m_RootOrder: 0
  m_LocalEulerAnglesHint: {x: 0, y: 0, z: 0}
--- !u!4 &4396612511790902
Transform:
  m_ObjectHideFlags: 1
  m_CorrespondingSourceObject: {fileID: 0}
  m_PrefabInternal: {fileID: 100100000}
  m_GameObject: {fileID: 1729723771264072}
  m_LocalRotation: {x: 0, y: -0, z: -0, w: 1}
  m_LocalPosition: {x: 0.07092958, y: 2.4436701e-11, z: -2.326564e-10}
  m_LocalScale: {x: 1, y: 1, z: 1}
  m_Children: []
  m_Father: {fileID: 4790412114383308}
  m_RootOrder: 0
  m_LocalEulerAnglesHint: {x: 0, y: 0, z: 0}
--- !u!4 &4472455744106020
Transform:
  m_ObjectHideFlags: 1
  m_CorrespondingSourceObject: {fileID: 0}
  m_PrefabInternal: {fileID: 100100000}
  m_GameObject: {fileID: 1340552656054248}
  m_LocalRotation: {x: 0, y: 0, z: 0, w: 1}
  m_LocalPosition: {x: 0, y: 1.01, z: 0.637}
  m_LocalScale: {x: 0.7, y: 1, z: 1}
  m_Children: []
  m_Father: {fileID: 4827361482485418}
  m_RootOrder: 1
  m_LocalEulerAnglesHint: {x: 0, y: 0, z: 0}
--- !u!4 &4501910500546940
Transform:
  m_ObjectHideFlags: 1
  m_CorrespondingSourceObject: {fileID: 0}
  m_PrefabInternal: {fileID: 100100000}
  m_GameObject: {fileID: 1031945162822664}
  m_LocalRotation: {x: -4.5839947e-17, y: -0.0000000012282859, z: 0.000000029235016,
    w: 1}
  m_LocalPosition: {x: -0.0000000041687676, y: 0.9244994, z: -0.0032973993}
  m_LocalScale: {x: 1, y: 1, z: 1}
  m_Children:
  - {fileID: 4118244154014084}
  - {fileID: 4540826564868084}
  - {fileID: 4180932162223362}
  m_Father: {fileID: 4127026305616976}
  m_RootOrder: 0
  m_LocalEulerAnglesHint: {x: 0, y: 0, z: 0}
--- !u!4 &4509125787331910
Transform:
  m_ObjectHideFlags: 1
  m_CorrespondingSourceObject: {fileID: 0}
  m_PrefabInternal: {fileID: 100100000}
  m_GameObject: {fileID: 1266834772528012}
  m_LocalRotation: {x: -0.000000014901161, y: 3.419917e-14, z: -0.0000006106589, w: 1}
  m_LocalPosition: {x: 0.09553567, y: 0.16065386, z: -0.05227832}
  m_LocalScale: {x: 1, y: 1, z: 1}
  m_Children:
  - {fileID: 4632736677118486}
  m_Father: {fileID: 4926656969644384}
  m_RootOrder: 2
  m_LocalEulerAnglesHint: {x: 0, y: 0, z: 0}
--- !u!4 &4526607098409896
Transform:
  m_ObjectHideFlags: 1
  m_CorrespondingSourceObject: {fileID: 0}
  m_PrefabInternal: {fileID: 100100000}
  m_GameObject: {fileID: 1388602308253296}
  m_LocalRotation: {x: 0, y: -0, z: -0, w: 1}
  m_LocalPosition: {x: -1.2434498e-16, y: -4.8405725e-16, z: 0.16883819}
  m_LocalScale: {x: 1, y: 1, z: 1}
  m_Children: []
  m_Father: {fileID: 4292746263816382}
  m_RootOrder: 0
  m_LocalEulerAnglesHint: {x: 0, y: 0, z: 0}
--- !u!4 &4540826564868084
Transform:
  m_ObjectHideFlags: 1
  m_CorrespondingSourceObject: {fileID: 0}
  m_PrefabInternal: {fileID: 100100000}
  m_GameObject: {fileID: 1533081053358400}
  m_LocalRotation: {x: 0.0005753099, y: 6.6066247e-10, z: -0.000000027382548, w: 0.9999998}
  m_LocalPosition: {x: 0.13655972, y: -0.07135242, z: 0.0012969637}
  m_LocalScale: {x: 1, y: 1, z: 1}
  m_Children:
  - {fileID: 4043083589709838}
  m_Father: {fileID: 4501910500546940}
  m_RootOrder: 1
  m_LocalEulerAnglesHint: {x: 0, y: 0, z: 0}
--- !u!4 &4541472852266706
Transform:
  m_ObjectHideFlags: 1
  m_CorrespondingSourceObject: {fileID: 0}
  m_PrefabInternal: {fileID: 100100000}
  m_GameObject: {fileID: 1286967695101376}
  m_LocalRotation: {x: 0, y: -0, z: -0, w: 1}
  m_LocalPosition: {x: -3.1974422e-16, y: 4.2632563e-16, z: 0.16883819}
  m_LocalScale: {x: 1, y: 1, z: 1}
  m_Children: []
  m_Father: {fileID: 4358985607843602}
  m_RootOrder: 0
  m_LocalEulerAnglesHint: {x: 0, y: 0, z: 0}
--- !u!4 &4601102030446944
Transform:
  m_ObjectHideFlags: 1
  m_CorrespondingSourceObject: {fileID: 0}
  m_PrefabInternal: {fileID: 100100000}
  m_GameObject: {fileID: 1609475470810514}
  m_LocalRotation: {x: 0.0467266, y: 0.21865892, z: -0.02667841, w: 0.9743168}
  m_LocalPosition: {x: 0.26753432, y: 0.000003572013, z: 0.00000016050032}
  m_LocalScale: {x: 1, y: 1, z: 1}
  m_Children:
  - {fileID: 4193099108860864}
  - {fileID: 4776602757199920}
  - {fileID: 4683797736836394}
  m_Father: {fileID: 4016733310560992}
  m_RootOrder: 0
  m_LocalEulerAnglesHint: {x: 0, y: 0, z: 0}
--- !u!4 &4632736677118486
Transform:
  m_ObjectHideFlags: 1
  m_CorrespondingSourceObject: {fileID: 0}
  m_PrefabInternal: {fileID: 100100000}
  m_GameObject: {fileID: 1354513795305352}
  m_LocalRotation: {x: 0.000000109774604, y: -0.027629187, z: 0.0000025014358, w: 0.9996183}
  m_LocalPosition: {x: 0.17811877, y: 0.020660799, z: -0.009229294}
  m_LocalScale: {x: 1, y: 1, z: 1}
  m_Children:
  - {fileID: 4016733310560992}
  m_Father: {fileID: 4509125787331910}
  m_RootOrder: 0
  m_LocalEulerAnglesHint: {x: 0, y: 0, z: 0}
--- !u!4 &4635731600047956
Transform:
  m_ObjectHideFlags: 1
  m_CorrespondingSourceObject: {fileID: 0}
  m_PrefabInternal: {fileID: 100100000}
  m_GameObject: {fileID: 1947710339771320}
  m_LocalRotation: {x: 0, y: -0, z: -0, w: 1}
  m_LocalPosition: {x: -0, y: 0, z: 0}
  m_LocalScale: {x: 1, y: 1, z: 1}
  m_Children: []
  m_Father: {fileID: 4127026305616976}
  m_RootOrder: 1
  m_LocalEulerAnglesHint: {x: 0, y: 0, z: 0}
--- !u!4 &4662343727262846
Transform:
  m_ObjectHideFlags: 1
  m_CorrespondingSourceObject: {fileID: 0}
  m_PrefabInternal: {fileID: 100100000}
  m_GameObject: {fileID: 1733234353270100}
  m_LocalRotation: {x: 0, y: 0, z: 0, w: 1}
  m_LocalPosition: {x: 0, y: 0, z: 0}
  m_LocalScale: {x: 1, y: 1, z: 1}
  m_Children: []
  m_Father: {fileID: 4827361482485418}
  m_RootOrder: 0
  m_LocalEulerAnglesHint: {x: 0, y: 0, z: 0}
--- !u!4 &4668575175025074
Transform:
  m_ObjectHideFlags: 1
  m_CorrespondingSourceObject: {fileID: 0}
  m_PrefabInternal: {fileID: 100100000}
  m_GameObject: {fileID: 1300084377187008}
  m_LocalRotation: {x: 3.8774097e-26, y: -4.263257e-14, z: 6.82121e-13, w: 1}
  m_LocalPosition: {x: 0.00018926605, y: 0.13061343, z: 0.0022748078}
  m_LocalScale: {x: 1, y: 1, z: 1}
  m_Children:
  - {fileID: 4926656969644384}
  m_Father: {fileID: 4180932162223362}
  m_RootOrder: 0
  m_LocalEulerAnglesHint: {x: 0, y: 0, z: 0}
--- !u!4 &4683797736836394
Transform:
  m_ObjectHideFlags: 1
  m_CorrespondingSourceObject: {fileID: 0}
  m_PrefabInternal: {fileID: 100100000}
  m_GameObject: {fileID: 1613904889776780}
  m_LocalRotation: {x: -0.04397134, y: -0.07337818, z: -0.0038064606, w: 0.9963271}
  m_LocalPosition: {x: 0.024923477, y: -0.044463474, z: 0.061634764}
  m_LocalScale: {x: 1, y: 1, z: 1}
  m_Children:
  - {fileID: 4954151633737644}
  m_Father: {fileID: 4601102030446944}
  m_RootOrder: 2
  m_LocalEulerAnglesHint: {x: 0, y: 0, z: 0}
--- !u!4 &4776602757199920
Transform:
  m_ObjectHideFlags: 1
  m_CorrespondingSourceObject: {fileID: 0}
  m_PrefabInternal: {fileID: 100100000}
  m_GameObject: {fileID: 1766983223948292}
  m_LocalRotation: {x: 0.00000008079903, y: -0.21712917, z: 0.037129916, w: 0.97543645}
  m_LocalPosition: {x: 0.17507765, y: -0.0047774483, z: -0.1000308}
  m_LocalScale: {x: 1, y: 1, z: 1}
  m_Children:
  - {fileID: 4781172566176014}
  m_Father: {fileID: 4601102030446944}
  m_RootOrder: 1
  m_LocalEulerAnglesHint: {x: 0, y: 0, z: 0}
--- !u!4 &4781172566176014
Transform:
  m_ObjectHideFlags: 1
  m_CorrespondingSourceObject: {fileID: 0}
  m_PrefabInternal: {fileID: 100100000}
  m_GameObject: {fileID: 1601554161008430}
  m_LocalRotation: {x: -0.00000001483277, y: 0.000000028239507, z: -0.000000017684842,
    w: 1}
  m_LocalPosition: {x: 0.07044222, y: 7.9489554e-11, z: -1.8392221e-12}
  m_LocalScale: {x: 1, y: 1, z: 1}
  m_Children:
  - {fileID: 4790412114383308}
  m_Father: {fileID: 4776602757199920}
  m_RootOrder: 0
  m_LocalEulerAnglesHint: {x: 0, y: 0, z: 0}
--- !u!4 &4790412114383308
Transform:
  m_ObjectHideFlags: 1
  m_CorrespondingSourceObject: {fileID: 0}
  m_PrefabInternal: {fileID: 100100000}
  m_GameObject: {fileID: 1003995328531194}
  m_LocalRotation: {x: -0.00000009698038, y: 2.124429e-15, z: -1.6541885e-15, w: 1}
  m_LocalPosition: {x: 0.07078903, y: 4.118135e-11, z: 0}
  m_LocalScale: {x: 1, y: 1, z: 1}
  m_Children:
  - {fileID: 4396612511790902}
  m_Father: {fileID: 4781172566176014}
  m_RootOrder: 0
  m_LocalEulerAnglesHint: {x: 0, y: 0, z: 0}
--- !u!4 &4795097829743394
Transform:
  m_ObjectHideFlags: 1
  m_CorrespondingSourceObject: {fileID: 0}
  m_PrefabInternal: {fileID: 100100000}
  m_GameObject: {fileID: 1795632343998878}
  m_LocalRotation: {x: 0, y: -0, z: -0, w: 1}
  m_LocalPosition: {x: -0.0005248413, y: 0.20493937, z: -0.002825039}
  m_LocalScale: {x: 1, y: 1, z: 1}
  m_Children: []
  m_Father: {fileID: 4130383180945736}
  m_RootOrder: 0
  m_LocalEulerAnglesHint: {x: 0, y: 0, z: 0}
--- !u!4 &4808141490434890
Transform:
  m_ObjectHideFlags: 1
  m_CorrespondingSourceObject: {fileID: 0}
  m_PrefabInternal: {fileID: 100100000}
  m_GameObject: {fileID: 1831443492661802}
  m_LocalRotation: {x: -0.000000044703484, y: 6.781823e-14, z: 0.0000005186906, w: 1}
  m_LocalPosition: {x: -0.09553567, y: 0.16065386, z: -0.05227832}
  m_LocalScale: {x: 1, y: 1, z: 1}
  m_Children:
  - {fileID: 4127833565188920}
  m_Father: {fileID: 4926656969644384}
  m_RootOrder: 0
  m_LocalEulerAnglesHint: {x: 0, y: 0, z: 0}
--- !u!4 &4827361482485418
Transform:
  m_ObjectHideFlags: 1
  m_CorrespondingSourceObject: {fileID: 0}
  m_PrefabInternal: {fileID: 100100000}
  m_GameObject: {fileID: 1638606172525276}
  m_LocalRotation: {x: -0, y: -0, z: -0, w: 1}
  m_LocalPosition: {x: 0, y: 0, z: 0}
  m_LocalScale: {x: 1, y: 1, z: 1}
  m_Children:
  - {fileID: 4662343727262846}
  - {fileID: 4472455744106020}
  - {fileID: 4127026305616976}
  m_Father: {fileID: 0}
  m_RootOrder: 0
  m_LocalEulerAnglesHint: {x: 0, y: 0, z: 0}
--- !u!4 &4921695309307588
Transform:
  m_ObjectHideFlags: 1
  m_CorrespondingSourceObject: {fileID: 0}
  m_PrefabInternal: {fileID: 100100000}
  m_GameObject: {fileID: 1882742917771106}
  m_LocalRotation: {x: 0.01601294, y: 0.000000015068203, z: 0.0000000011757395, w: 0.9998718}
  m_LocalPosition: {x: -0.00000026873994, y: -0.35919124, z: 0.014814402}
  m_LocalScale: {x: 1, y: 1, z: 1}
  m_Children:
  - {fileID: 4088071069367780}
  m_Father: {fileID: 4118244154014084}
  m_RootOrder: 0
  m_LocalEulerAnglesHint: {x: 0, y: 0, z: 0}
--- !u!4 &4926656969644384
Transform:
  m_ObjectHideFlags: 1
  m_CorrespondingSourceObject: {fileID: 0}
  m_PrefabInternal: {fileID: 100100000}
  m_GameObject: {fileID: 1180501397857340}
  m_LocalRotation: {x: 0, y: -0, z: -2.8129217e-37, w: 1}
  m_LocalPosition: {x: 0.00021630415, y: 0.12988213, z: -0.009166871}
  m_LocalScale: {x: 1, y: 1, z: 1}
  m_Children:
  - {fileID: 4808141490434890}
  - {fileID: 4138468243398248}
  - {fileID: 4509125787331910}
  m_Father: {fileID: 4668575175025074}
  m_RootOrder: 0
  m_LocalEulerAnglesHint: {x: 0, y: 0, z: 0}
--- !u!4 &4954151633737644
Transform:
  m_ObjectHideFlags: 1
  m_CorrespondingSourceObject: {fileID: 0}
  m_PrefabInternal: {fileID: 100100000}
  m_GameObject: {fileID: 1989932092801742}
  m_LocalRotation: {x: -0.013876402, y: -0.10875398, z: -0.05479282, w: 0.9924605}
  m_LocalPosition: {x: 0.06602643, y: -0.04314004, z: 0.06890449}
  m_LocalScale: {x: 1, y: 1, z: 1}
  m_Children:
  - {fileID: 4369722311131964}
  m_Father: {fileID: 4683797736836394}
  m_RootOrder: 0
  m_LocalEulerAnglesHint: {x: 0, y: 0, z: 0}
--- !u!4 &4999472732415286
Transform:
  m_ObjectHideFlags: 1
  m_CorrespondingSourceObject: {fileID: 0}
  m_PrefabInternal: {fileID: 100100000}
  m_GameObject: {fileID: 1364637305755638}
  m_LocalRotation: {x: 0.000000031983465, y: 0.015247015, z: 0.04528998, w: 0.99885756}
  m_LocalPosition: {x: 0.07489388, y: 6.850598e-11, z: 8.881784e-18}
  m_LocalScale: {x: 1, y: 1, z: 1}
  m_Children:
  - {fileID: 4092494397172412}
  m_Father: {fileID: 4071242199951124}
  m_RootOrder: 0
  m_LocalEulerAnglesHint: {x: 0, y: 0, z: 0}
--- !u!65 &65612235399828900
BoxCollider:
  m_ObjectHideFlags: 1
  m_CorrespondingSourceObject: {fileID: 0}
  m_PrefabInternal: {fileID: 100100000}
  m_GameObject: {fileID: 1340552656054248}
  m_Material: {fileID: 0}
  m_IsTrigger: 1
  m_Enabled: 1
  serializedVersion: 2
  m_Size: {x: 1, y: 1, z: 1}
  m_Center: {x: 0, y: 0, z: 0}
--- !u!65 &65821590907433252
BoxCollider:
  m_ObjectHideFlags: 1
  m_CorrespondingSourceObject: {fileID: 0}
  m_PrefabInternal: {fileID: 100100000}
  m_GameObject: {fileID: 1638606172525276}
  m_Material: {fileID: 0}
  m_IsTrigger: 0
  m_Enabled: 1
  serializedVersion: 2
  m_Size: {x: 0.49, y: 1.6144316, z: 0.32}
  m_Center: {x: 0, y: 1.0448624, z: 0}
--- !u!95 &95526037890199984
Animator:
  serializedVersion: 3
  m_ObjectHideFlags: 1
  m_CorrespondingSourceObject: {fileID: 0}
  m_PrefabInternal: {fileID: 100100000}
  m_GameObject: {fileID: 1369915434186940}
  m_Enabled: 1
  m_Avatar: {fileID: 9000000, guid: 09b401c1438c9e349b6bb09437835686, type: 3}
  m_Controller: {fileID: 9100000, guid: 52cf12da63119f344a2d542e6e724832, type: 2}
  m_CullingMode: 1
  m_UpdateMode: 0
  m_ApplyRootMotion: 0
  m_LinearVelocityBlending: 0
  m_WarningMessage: 
  m_HasTransformHierarchy: 1
  m_AllowConstantClipSamplingOptimization: 1
  m_KeepAnimatorControllerStateOnDisable: 0
--- !u!114 &114350930301355650
MonoBehaviour:
  m_ObjectHideFlags: 1
  m_CorrespondingSourceObject: {fileID: 0}
  m_PrefabInternal: {fileID: 100100000}
  m_GameObject: {fileID: 1638606172525276}
  m_Enabled: 1
  m_EditorHideFlags: 0
  m_Script: {fileID: 11500000, guid: cad4a8e68ec355f4dbfe869ad76ac3f3, type: 3}
  m_Name: 
  m_EditorClassIdentifier: 
  state: 0
  anim: {fileID: 0}
  life: 5
  radius: 30
  idleRadius: 30
  chaseRadius: 60
  targetMask:
    serializedVersion: 2
    m_Bits: 256
  targetDetected: 0
  stopAtEachNode: 1
  timeStopped: 1
  pathNodes:
  - {fileID: 0}
  - {fileID: 0}
  SpiderFirerate: 1
  attackingCollider: {fileID: 1340552656054248}
  attackDistance: 3
--- !u!114 &114459361979228424
MonoBehaviour:
  m_ObjectHideFlags: 1
  m_CorrespondingSourceObject: {fileID: 0}
  m_PrefabInternal: {fileID: 100100000}
  m_GameObject: {fileID: 1733234353270100}
  m_Enabled: 1
  m_EditorHideFlags: 0
  m_Script: {fileID: 11500000, guid: 03d54f0e1d3d043b6955a38bf931d0dc, type: 3}
  m_Name: 
  m_EditorClassIdentifier: 
  clips:
  - {fileID: 8300000, guid: 27283be61e456a3469c4b2e6f24cca73, type: 3}
  - {fileID: 8300000, guid: 8f4b455041942f845a459558b01e06f9, type: 3}
  - {fileID: 8300000, guid: ff09222fba33c3c498bd7a830f6de636, type: 3}
  - {fileID: 8300000, guid: 641d5666a9a1c1045904985c33af29c3, type: 3}
--- !u!114 &114756667367525514
MonoBehaviour:
  m_ObjectHideFlags: 1
  m_CorrespondingSourceObject: {fileID: 0}
  m_PrefabInternal: {fileID: 100100000}
  m_GameObject: {fileID: 1340552656054248}
  m_Enabled: 1
  m_EditorHideFlags: 0
  m_Script: {fileID: 11500000, guid: d545db25d2c7b4448aa9a8dda4be8a4f, type: 3}
  m_Name: 
  m_EditorClassIdentifier: 
--- !u!137 &137499536138445808
SkinnedMeshRenderer:
  m_ObjectHideFlags: 1
  m_CorrespondingSourceObject: {fileID: 0}
  m_PrefabInternal: {fileID: 100100000}
  m_GameObject: {fileID: 1947710339771320}
  m_Enabled: 1
  m_CastShadows: 1
  m_ReceiveShadows: 1
  m_DynamicOccludee: 1
  m_MotionVectors: 1
  m_LightProbeUsage: 1
  m_ReflectionProbeUsage: 1
  m_RenderingLayerMask: 4294967295
  m_Materials:
  - {fileID: 2100000, guid: fd23c95a6e5af8e468a57481dbfc0389, type: 3}
  m_StaticBatchInfo:
    firstSubMesh: 0
    subMeshCount: 0
  m_StaticBatchRoot: {fileID: 0}
  m_ProbeAnchor: {fileID: 0}
  m_LightProbeVolumeOverride: {fileID: 0}
  m_ScaleInLightmap: 1
  m_PreserveUVs: 0
  m_IgnoreNormalsForChartDetection: 0
  m_ImportantGI: 0
  m_StitchLightmapSeams: 0
  m_SelectedEditorRenderState: 3
  m_MinimumChartSize: 4
  m_AutoUVMaxDistance: 0.5
  m_AutoUVMaxAngle: 89
  m_LightmapParameters: {fileID: 0}
  m_SortingLayerID: 0
  m_SortingLayer: 0
  m_SortingOrder: 0
  serializedVersion: 2
  m_Quality: 0
  m_UpdateWhenOffscreen: 0
  m_SkinnedMotionVectors: 1
  m_Mesh: {fileID: 4300000, guid: 09b401c1438c9e349b6bb09437835686, type: 3}
  m_Bones:
  - {fileID: 4541472852266706}
  - {fileID: 4358985607843602}
  - {fileID: 4273841285773740}
  - {fileID: 4043083589709838}
  - {fileID: 4540826564868084}
  - {fileID: 4526607098409896}
  - {fileID: 4292746263816382}
  - {fileID: 4088071069367780}
  - {fileID: 4921695309307588}
  - {fileID: 4118244154014084}
  - {fileID: 4396612511790902}
  - {fileID: 4790412114383308}
  - {fileID: 4781172566176014}
  - {fileID: 4776602757199920}
  - {fileID: 4092494397172412}
  - {fileID: 4999472732415286}
  - {fileID: 4071242199951124}
  - {fileID: 4193099108860864}
  - {fileID: 4341667778077730}
  - {fileID: 4369722311131964}
  - {fileID: 4954151633737644}
  - {fileID: 4683797736836394}
  - {fileID: 4601102030446944}
  - {fileID: 4016733310560992}
  - {fileID: 4632736677118486}
  - {fileID: 4509125787331910}
  - {fileID: 4065119207094226}
  - {fileID: 4127897036579518}
  - {fileID: 4127833565188920}
  - {fileID: 4808141490434890}
  - {fileID: 4130383180945736}
  - {fileID: 4138468243398248}
  - {fileID: 4926656969644384}
  - {fileID: 4668575175025074}
  - {fileID: 4180932162223362}
  - {fileID: 4501910500546940}
  m_BlendShapeWeights: []
  m_RootBone: {fileID: 4501910500546940}
  m_AABB:
    m_Center: {x: -0.116016924, y: -0.0034389496, z: -0.033612013}
    m_Extent: {x: 1.3754027, y: 0.9332926, z: 0.3393561}
  m_DirtyAABB: 0
--- !u!195 &195429942209958346
NavMeshAgent:
  m_ObjectHideFlags: 1
  m_CorrespondingSourceObject: {fileID: 0}
  m_PrefabInternal: {fileID: 100100000}
  m_GameObject: {fileID: 1638606172525276}
  m_Enabled: 1
  m_AgentTypeID: 0
  m_Radius: 0.4
  m_Speed: 3.5
  m_Acceleration: 8
  avoidancePriority: 50
  m_AngularSpeed: 120
  m_StoppingDistance: 0
  m_AutoTraverseOffMeshLink: 1
  m_AutoBraking: 1
  m_AutoRepath: 1
  m_Height: 1.85
  m_BaseOffset: 0
  m_WalkableMask: 4294967295
  m_ObstacleAvoidanceType: 4
